3296 5178
428 333 617 386 Annxuxnm
638 347 662 386 11
680 345 848 387 nrrsrocna
866 333 909 386 81.
938 333 981 387 82.
1009 332 1044 386 83
1331 318 1372 377 43

91 499 275 574 patronum,
301 498 335 556 et
357 493 391 556 in
415 513 451 556 eo
472 493 574 573 magis
593 493 717 573 timeat,
739 495 766 557 si
784 493 837 557 hic
855 493 959 557 multa
978 492 1077 557 verba
1100 493 1254 556 tumentis
1279 492 1371 575 spiri-
1415 491 1499 551 1063

90 606 143 663 tus
168 599 367 679 relaxentur,
391 620 431 663 ne
455 598 537 663 forte
561 599 652 662 Petri
676 599 819 663 vindicta
842 601 876 663 in
900 599 1045 663 futurum
1070 607 1224 663 servetur.
1390 582 1522 640 fflssdffl·

89 905 145 969 81.
180 905 345 964 armani
368 907 404 964 n
422 907 542 982 napae
564 907 660 965 aaran
687 907 876 966 arannem
897 881 1027 979 naarai,
1051 924 1111 963 aa
1130 905 1263 964 rania
1285 905 1374 964 siao-

180 1013 269 1070 nensr'
286 1013 416 1088 palliano
438 1032 500 1071 non
522 1015 704 1085 concessisse,
728 1033 796 1071 cani
819 1013 985 1072 absentibus
1008 1032 1070 1071 non
1093 1012 1217 1070 daretur.

440 1131 508 1186 Ooll.
530 1133 596 1186 Brit.
619 1134 696 1187 Alex.
715 1150 757 1203 ep.
778 1132 857 1200 57,1.
877 1133 894 1186 l.
915 1131 1023 1186 f01.48.

181 1292 314 1373 Hugoni
333 1292 446 1356 abbati
465 1291 679 1357 Cluniacensi.
717 1293 836 1357 Frater
859 1299 971 1357 noster
989 1292 1160 1356 Richerius
1180 1291 1374 1356 Senonensis
1394 1294 1533 1353 1063ex.

87 1399 358 1481 archiepiscopus
390 1399 479 1462 misit
512 1399 553 1462 ad
586 1423 659 1481 nos,
693 1405 729 1463 ut
757 1401 786 1464 ei
814 1399 950 1482 pallium
979 1397 1237 1463 concederemus,
1281 1397 1375 1479 Quod

86 1507 247 1570 nimirum
270 1505 384 1569 leviter
408 1511 441 1569 et
460 1506 583 1588 absque
607 1507 766 1570 maxima⁸
785 1507 1047 1571 consideracione
1066 1528 1130 1570 non
1150 1505 1293 1587 oportuit
1316 1527 1374 1568 nos

88 1612 182 1693 dare,
207 1613 380 1695 presertim
404 1633 477 1676 cum
501 1613 625 1676 clarum
649 1613 701 1693 sit,
727 1613 856 1677 absenti
874 1634 1011 1695 persone
1035 1610 1117 1675 illud
1135 1612 1221 1675 mitti
1244 1611 1375 1675 minime

88 1719 222 1782 debere.

88 1935 154 2000 82.
184 1937 349 1995 Abaander
371 1937 407 1994 ΙΙ
424 1936 496 1994 earo
526 1936 718 1995 Valtnrnensi
739 1937 869 2011 nantiat,
897 1957 958 1996 sese
980 1937 1119 1996 omnibns
1141 1938 1176 1995 in
1195 1936 1376 2012 Hispaniam

184 2045 297 2116 (contra
322 2043 508 2118 Sarracenos)
528 2044 706 2119 profecturis
728 2045 933 2102 remissiorem
951 2049 1137 2119 peccatoram
1160 2044 1314 2118 induiqere.

442 2161 511 2216 0011.
531 2162 599 2216 Brit.
619 2162 698 2217 Alex.
719 2180 761 2234 ep.
782 2162 824 2228 58,
843 2162 861 2215 l.
881 2163 899 2216 l.
919 2163 965 2217 fol.
985 2163 1027 2217 48.

183 2320 278 2386 Claro
297 2320 519 2386 Vulturnensi.
557 2322 635 2403 Eos,
660 2324 716 2404 qui
739 2324 773 2385 in
791 2323 959 2406 lspaniam
978 2323 1139 2406 proficisci
1159 2323 1373 2402 destinarunt,
1396 2336 1535 2394 1063011,

89 2436 236 2512 paterna
260 2428 401 2494 karitate
424 2431 603 2510 hortamur,
628 2436 678 2510 ut,
708 2451 770 2511 que
795 2430 948 2494 divinitus
973 2431 1129 2495 admoniti
1153 2430 1376 2512 cogitaverunt

89 2537 132 2601 ad
158 2535 310 2600 effectum
343 2535 534 2617 perducere,
569 2557 695 2600 summa
720 2558 801 2623 ¹cum
830 2537 1046 2601 solhcitudine
1079 2541 1266 2620 procureut3
1302 2535 1377 2616 quib

89 2647 185 2708 iuxta
209 2642 401 2724 qualitatem
425 2643 649 2723 peccaminum
673 2664 804 2706 suorum
828 2644 1050 2725 unusquisque
1070 2665 1128 2707 suo
1152 2644 1302 2725 episcopo
1326 2642 1377 2705 vel

90 2748 258 2834 spirituali
281 2749 367 2830 patri
391 2747 593 2829 confiteatur,
618 2750 739 2830 eisque,
764 2770 803 2812 ne
828 2749 977 2814 diabolus
1009 2771 1162 2814 accusare
1190 2749 1230 2813 de
1252 2749 1377 2831 inpeni-

89 2857 197 2921 tentia
221 2855 335 2937 possit,
369 2853 483 2918 modus
516 2857 715 2936 penitentiae
742 2857 937 2937 imponatur.
984 2855 1051 2921 Nos
1082 2878 1157 2921 vero
1182 2856 1377 2920 auctoritate

90 2969 282 3028 sanctorum
311 2961 531 3043 apostolorum
558 2961 650 3025 Petri
678 2969 711 3026 et
733 2961 829 3025 Pauli
858 2969 891 3026 et
917 2964 1131 3045 penitentiam
1162 2963 1208 3026 eis
1231 2962 1376 3026 levamus

90 3076 124 3134 et
148 3069 374 3133 remissionem
397 3072 605 3149 peccatorum
630 3067 778 3148 facimus,
803 3069 949 3133 oratione
973 3074 1215 3151 prosequentes.

91 3393 156 3457 83.
186 3392 352 3450 Alexander
379 3393 414 3450 ΙΙ
446 3391 572 3468 Wifredo
596 3393 783 3452 Narbonensi
814 3394 926 3467 scribit,
960 3413 1061 3452 omme
1085 3393 1168 3468 lenes,
1201 3393 1377 3469 sanquinem

182 3499 352 3556 humanam
376 3500 495 3575 affandi,
520 3506 621 3572 natare,
645 3500 709 3558 nisi
731 3501 764 3558 de
781 3500 945 3575 puniendis
963 3501 1140 3558 crirainibns
1158 3501 1201 3560 ael
1218 3502 1251 3560 de
1272 3501 1377 3560 Sarra-

183 3605 264 3664 cenis
287 3612 398 3680 anatur.
443 3607 561 3664 Landat
584 3626 660 3678 enin,
685 3608 763 3682 qaod
783 3607 907 3665 Indaeos
931 3607 1023 3665 initas
1046 3608 1092 3666 sit.

433 3725 502 3779 Call.
524 3725 591 3778 Brit.
612 3724 691 3779 Alex.
711 3743 753 3796 ep.
774 3726 816 3789 61,
835 3724 853 3778 l.
873 3725 890 3778 l.
910 3725 956 3779 fol.
976 3725 1032 3779 48¹³.

181 3882 330 3948 Wifredo
355 3886 549 3967 episcopa.⁰1
591 3884 711 3949 Omnes
734 3886 822 3968 leges
841 3891 909 3949 tam
929 3885 1148 3950 ecclesiastice
1168 3907 1265 3967 quam
1285 3905 1375 3948 secu·
1396 3895 1480 3953 1063
1492 3917 1534 3958 ex.

90 3993 178 4056 lares
209 3989 397 4055 effusionem
425 3992 558 4055 humani
587 3992 754 4074 sanguinis
783 3991 990 4072 dampnann,
1022 3993 1085 4055 uisi
1109 3991 1192 4056 forte
1217 3993 1377 4056 conmissa

92 4099 231 4161 crimina
251 4097 391 4179 aliquem
411 4099 530 4163 iudicio
549 4101 697 4181 puniant,
722 4098 772 4162 vel
793 4097 885 4178 forte,
910 4104 947 4161 ut
970 4097 1009 4161 de
1025 4097 1224 4178 Sarracenis,
1248 4096 1375 4161 hostilis
1431 4157 1435 4164 .

93 4204 301 4269 exacerbatio
324 4205 500 4269 incumbat.
549 4204 702 4270 Consulte
730 4205 830 4287 igitur
858 4210 891 4268 et
913 4203 1124 4268 laudabiliter
1151 4205 1269 4285 iecisti,
1299 4204 1376 4285 quia

182 4389 195 4413 ⁸
208 4389 279 4447 prins
297 4389 322 4434 in
340 4389 392 4437 aad.
411 4387 478 4445 ulla3
497 4391 675 4448 separantem
693 4397 726 4435 ert
743 4387 856 4434 maxima
872 4389 951 4434 eaden
969 4403 1047 4436 mana.
1116 4382 1128 4414 b
1146 4386 1208 4448 quia
1225 4403 1244 4433 a.
1317 4388 1328 4412 ⁰
1346 4386 1375 4431 In

91 4477 172 4524 Iaonis
193 4477 283 4523 decreto
303 4477 373 4524 XIII.
394 4493 444 4536 cap.
464 4475 498 4522 15
515 4478 594 4523 melicas
612 4478 707 4536 lenita:
730 4475 854 4522 Wilfredo
873 4475 1030 4524 Narbonensi
1049 4474 1242 4536 archiepiscopo.
1315 4468 1328 4500 ‘¹
1346 4475 1375 4520 In

91 4567 172 4613 Iaaais
191 4567 281 4612 dea-eta
300 4567 316 4614 l.
336 4567 351 4614 l.
371 4574 415 4612 eet:
434 4564 528 4612 Omnes
546 4564 613 4625 leges
625 4563 796 4624 -sanguinis
815 4563 996 4625 prohibent.

184 4667 194 4697 ¹
212 4665 397 4722 Narbonensi.
