3336 5184
466 313 657 366 Anaxsnnnr
677 325 715 366 111
733 314 971 368 ar1sronsn305
1298 297 1360 360 177

11 479 12 550 i
82 470 261 552 apostolice
285 470 355 535 sedi
377 476 515 553 tenetur,
541 471 719 554 dimidiam,
739 494 802 556 que
824 474 961 555 vacavit,
985 473 1115 537 cuidam
1137 473 1180 537 ad
1202 473 1361 538 interven·
1411 470 1495 530 1179

11 637 12 652 ,
80 582 153 640 tum
172 577 297 659 regium
320 577 510 659 assignavit;
536 579 627 642 cuius
651 578 773 644 factum
796 579 874 643 licet
896 579 937 644 de
959 579 1029 643 iure
1047 579 1248 662 potuerimus
1270 599 1361 644 ravo·
1378 560 1522 624 Mablffl

11 679 12 728 ἕ
81 704 173 764 6616,
207 683 466 748 consideratione
498 685 586 766 regie
624 684 858 766 magnitudinis
896 687 1107 750 sustinuimus
1138 686 1364 768 incorrectum,

81 789 253 855 credentes
267 789 415 867 ,eundem
438 791 625 873 episcopum
649 791 692 855 ad
714 791 810 856 huius
830 792 1045 874 provisionem
1069 791 1205 856 celerius
1228 812 1287 874 per
1308 813 1364 856 no·

81 903 185 960 stram
208 897 492 961 mansuetudinem
509 897 760 979 provocandum.
799 896 885 979 Quia
902 899 1002 980 igitur
1021 919 1124 980 nuper
1140 899 1175 962 in
1192 899 1259 962 iam
1278 897 1365 962 dicta

80 1002 223 1067 ecclesia
244 1003 444 1086 prebendam
467 1003 615 1092 Hugonis
640 1003 679 1068 de
704 1002 856 1070 Oratorio
886 1005 1069 1088 accepimus
1093 1005 1273 1086 vacavisse,
1304 1027 1364 1070 nos

79 1109 301 1190 attendentes
334 1108 814 1196 quodprefatus1(0hannes),
847 1133 906 1194 pro
935 1132 999 1194 qno
1022 1111 1141 1177 totiens
1170 1117 1203 1175 at
1225 1117 1293 1176 tam
1317 1111 1363 1174 di·

79 1217 196 1281 stricte
221 1216 424 1299 scripsimus,
456 1217 525 1282 sine
548 1217 668 1280 iniuria
696 1217 782 1282 sedis
806 1217 983 1300 apostolice
1007 1217 1152 1281 fraudari
1174 1239 1239 1281 non
1261 1217 1365 1299 possit

79 1322 206 1388 diutius
230 1321 400 1405 stipendiis
432 1322 548 1386 militie
581 1322 755 1405 clericalis,
789 1323 987 1388 fraternitati
1017 1330 1072 1388 tue
1100 1345 1159 1406 per
1186 1322 1364 1405 apostolica

79 1431 208 1513 scripta
229 1428 422 1494 mandamus
455 1435 553 1512 atque
576 1431 787 1512 precipimus,
821 1431 974 1514 quatinus
1005 1431 1072 1494 iam
1104 1429 1190 1495 dicto
1214 1430 1364 1512 episcopo

79 1541 242 1619 exparte
273 1540 386 1599 nostra
417 1541 450 1600 et
481 1541 539 1600 tua
561 1537 596 1600 in
619 1536 801 1601 obedientie
824 1537 944 1600 virtute
967 1537 1143 1619 precipias,
1176 1541 1213 1599 ut
1240 1536 1270 1600 61
1292 1557 1363 1618 pre-

79 1643 241 1725 scriptam
259 1641 458 1724 prebendam
477 1642 712 1707 nonobstante
737 1642 943 1707 concessione
965 1642 1017 1708 vel
1041 1643 1223 1725 donatione,
1248 1643 1276 1706 si
1299 1663 1364 1724 qua

79 1748 170 1814 facta
195 1753 255 1829 est,
285 1749 413 1813 sublato
433 1749 660 1832 appellationis
688 1747 821 1832 diffugio
845 1747 992 1814 conferat
1015 1754 1048 1813 et
1070 1749 1222 1830 assignet.
1270 1746 1363 1829 Quod

80 1856 107 1918 si
130 1855 243 1920 facere
274 1854 358 1920 forte
390 1854 539 1936 noluerit,
573 1860 609 1918 tu
642 1857 882 1921 concessionem
914 1855 965 1920 vel
988 1855 1194 1920 donationem
1223 1853 1263 1918 de
1291 1855 1364 1936 ipsa

11 2009 12 2028 1
80 1959 214 2042 iactam,
240 1961 456 2044 appellatione
479 1966 618 2042 remota,
648 1962 775 2026 irritam
806 1961 975 2026 denunties
999 1967 1032 2025 et
1055 1962 1241 2044 episcopum
1265 1981 1284 2024 a
1308 1959 1363 2025 do·

11 2057 12 2072 ¹
79 2068 214 2132 natione
238 2068 477 2149 prebendarum
499 2075 613 2133 nostra
636 2074 670 2132 et
692 2073 750 2132 tua
768 2067 871 2132 fretus
890 2068 1085 2132 auctoritate
1107 2066 1209 2131 facias
1232 2087 1363 2132 manere

80 2195 288 2258 suspensum,
313 2174 415 2238 donec
430 2173 470 2238 de
488 2175 671 2256 provisione
685 2174 780 2238 istius
795 2175 985 2238 mandatum
1000 2174 1213 2256 apostolicum
1228 2173 1362 2256 implea-

11 2349 12 2352 ,
79 2288 146 2360 tur,
173 2280 274 2344 nullis
296 2280 415 2344 litteris
439 2280 655 2361 obstantibus,
680 2281 708 2344 61
732 2303 794 2364 que
818 2286 894 2344 sunt
912 2282 963 2346 vel
986 2279 1106 2344 filerint
1128 2280 1179 2344 his
1202 2279 1362 2344 contrarie

11 2385 12 2394 ’
79 2389 220 2452 veritate
252 2387 354 2451 tacita
385 2387 419 2450 in
450 2393 617 2469 posterum
650 2388 832 2470 impetrate.
879 2387 932 2451 Ad
964 2387 1045 2451 haec
1076 2386 1275 2469 presentium
1302 2384 1363 2449 tibi

11 2483 12 2488 ¹
80 2494 279 2558 auctoritate
301 2493 509 2576 iniungimus,
533 2499 571 2557 ut
589 2494 854 2576 compositionem
877 2495 962 2559 inter
984 2496 1091 2577 ipsum
1108 2492 1307 2576 Iolhannem)
1330 2496 1363 2556 et

79 2600 115 2664 P.
142 2600 185 2664 de
208 2599 319 2664 Monte
351 2620 409 2681 per
438 2599 655 2664 venerabilem
684 2598 818 2664 fratrem
846 2607 995 2666 nostrum
1022 2600 1178 2685 P(etrum)
1206 2597 1361 2662 Tuscula-

80 2728 158 2770 num
183 2706 384 2788 episcopum,
414 2712 492 2769 tuno
520 2707 608 2770 tituli
636 2708 740 2771 sancti
764 2706 938 2790 Grisogoni
966 2707 1192 2791 presbyterum
1215 2703 1361 2768 cardina-

79 2813 154 2894 lem,
181 2811 359 2894 apostolice
383 2811 468 2876 sedis
492 2811 644 2894 legatum,
668 2812 790 2877 factam
819 2820 852 2878 et
879 2813 943 2879 fide
970 2813 1144 2879 hincinde
1171 2813 1363 2894 interposita

80 2919 317 2999 confirmatam,
342 2919 454 3001 scripti
479 2919 577 2983 etiam
600 2921 703 2985 nostri
729 2921 905 2984 munimine
933 2921 1120 2986 roboratam
1143 2917 1244 2982 facias
1271 2919 1362 2981 iuxta

79 3028 185 3110 ipsius
214 3025 455 3107 compositionis
483 3032 630 3090 tenorem
657 3024 785 3090 sublato
813 3027 1041 3111 appellationis
1069 3025 1201 3107 diffugio
1229 3025 1361 3088 inviola-

79 3131 193 3196 biliter
216 3131 382 3196 observari
410 3137 443 3196 61
470 3137 584 3196 contra
612 3153 684 3196 eam
712 3133 896 3199 subtractos
927 3133 1032 3198 eidem
1054 3131 1215 3216 Io(hanni)
1238 3129 1361 3194 fructus

81 3237 339 3304 contradictione
364 3243 397 3301 et
420 3238 639 3320 appellatione
663 3247 811 3304 cessante
835 3262 909 3304 cnm
932 3239 1119 3322 integritate
1142 3237 1280 3301 restitui.

616 3437 829 3448 ——-.-.-

81 3579 172 3644 305.
196 3579 361 3638 Alcmnder
383 3580 435 3639 HI
452 3580 578 3656 capitulo
605 3581 814 3641 Silvanecterisi
841 3583 874 3641 da
896 3581 1095 3658 asperioribus
1119 3580 1157 3638 ud
1184 3577 1361 3636 Willelmum

195 3685 366 3744 1166166666
393 3693 419 3746 ot
445 3687 608 3746 Honorinum
638 3687 881 3747 Silvanecterisem
903 3688 1032 3764 epistolis
1059 3687 1165 3745 scribit.
1216 3685 1360 3757 Prohibet,

193 3811 231 3851 66
253 3811 339 3868 quern
365 3792 399 3851 ia
426 3794 601 3852 6666616166
628 3795 784 3870 recipiant,
812 3794 900 3853 donec
922 3794 1050 3853 1616661
1074 3797 1177 3868 666166
1197 3791 1361 3868 paneada

193 3899 306 3974 iatepra
328 3899 431 3958 collato
453 3899 500 3958 sit.

402 4000 470 4071 Reg.
488 4001 569 4056 Alex.
588 4000 685 4072 fragm.
705 4019 747 4073 ep.
768 4003 809 4069 59,
828 4002 846 4055 l.
865 4002 883 4056 l.
903 4002 949 4057 fol.
968 4002 1041 4057 12611.

168 4141 324 4207 Decanol
347 4150 380 4208 et
402 4143 544 4226 capitulo
568 4142 812 4208 Silvanectensi.
858 4143 923 4208 Per
951 4142 1032 4207 alias
1062 4143 1189 4207 litteras
1212 4163 1269 4206 nos
1293 4161 1358 4204 me·
1410 4157 1493 4216 1179

81 4250 233 4314 minimus
257 4249 347 4314 vobis
371 4251 405 4313 in
427 4251 546 4313 virtute
570 4249 752 4315 obedientie
776 4251 974 4332 precepisse,
1003 4255 1039 4314 nt
1060 4250 1186 4313 nullum
1207 4247 1241 4311 in
1264 4269 1358 4312 cano·
1376 4247 1519 4307 Mailun.

81 4357 200 4436 nicnm,
232 4354 333 4420 donec
357 4355 494 4420 dilectus
516 4354 603 4419 filius
636 4362 746 4421 noster
768 4356 954 4441 I(0hannes)
976 4361 1082 4439 poeta,
1107 4355 1241 4419 clericus
1265 4375 1358 4419 vene-

81 4463 195 4526 rabilis
217 4460 329 4525 fratris
353 4462 456 4526 nostri
478 4461 664 4526 Prenestini
687 4463 851 4546 episcopi2
873 4462 1010 4527 haberet
1036 4463 1069 4525 in
1092 4462 1229 4526 ecclesia
1251 4467 1360 4526 vestra

169 4640 178 4670 ¹
200 4638 352 4708 Stephano.
427 4639 438 4668 ²
456 4639 612 4694 Berneredi.

131 4748 317 4798 manarum,
337 4746 410 4798 Epist.
425 4747 490 4788 Pont.
507 4748 571 4788 Rom.
1112 4729 1145 4782 12
