3336 5184
302 191 306 200 s

297 259 359 320 156
642 275 833 329 Anaxaunar
851 289 889 329 111
907 289 1075 330 urrsronau
1094 275 1155 328 272.
1175 276 1226 356 273

172 445 256 505 1178
295 433 447 497 dilectum
479 432 582 498 filium
616 434 809 517 Gregorium
842 434 1093 500 subdiaconum⁸
1124 440 1285 517 nostrum,
1322 435 1427 499 virum
1459 436 1575 518 utique

151 535 274 596 111130.
293 539 473 622 providum,
497 540 693 605 industrium
721 548 754 606 et
782 541 956 606 discretum
985 548 1018 606 et
1040 543 1125 606 inter
1148 542 1228 607 alios
1252 541 1384 608 clericos
1408 543 1458 606 sui
1486 542 1575 607 ordi-

293 647 343 710 nis
359 653 469 711 carum
484 647 578 712 nobis
592 647 766 713 admodum
781 654 814 712 et
827 654 1005 732 acceptum,
1030 649 1093 729 oui,
1108 669 1181 712 oum
1196 649 1238 712 sit
1255 647 1294 712 de
1317 669 1430 714 mensa
1448 654 1574 728 nostra,

294 751 492 818 confidenter
524 776 582 837 pro
616 777 675 818 sua
707 755 879 838 probitate,
913 753 976 819 fide
1009 777 1047 818 ao
1079 753 1252 838 prudentia
1275 756 1452 820 vocationis
1475 755 1575 819 huius

295 858 544 924 sollicitudinem
573 861 722 946 duximus
749 861 993 944 imponendam,
1018 867 1051 925 et
1073 860 1315 925 universitatem
1339 866 1481 925 vestram
1503 881 1574 924 mo-

294 985 407 1029 nemus
430 969 621 1050 propensius
646 974 678 1031 et
700 967 903 1049 mandamus,
927 974 964 1032 ut
986 969 1033 1032 ita
1056 967 1193 1050 benigne
1216 967 1382 1051 recipiatis
1408 967 1515 1049 ipsum
1540 972 1577 1030 et

265 1085 267 1090 ’
294 1070 428 1136 honeste
451 1076 614 1154 tractetis,
648 1096 712 1156 quo
745 1080 778 1139 et
810 1075 936 1140 devotio
967 1079 1080 1138 vestra
1099 1094 1176 1156 erga
1198 1073 1379 1138 Romanam
1402 1073 1576 1137 ecclesiam

294 1178 519 1244 incunctanter
542 1179 699 1264 appareat
722 1187 756 1245 et
777 1182 858 1265 ipse,
883 1204 957 1246 cum
975 1181 1018 1245 ad
1035 1203 1093 1246 uos
1110 1180 1249 1246 Domino
1270 1180 1409 1245 donante
1428 1179 1574 1260 redierit,

295 1283 335 1348 de
357 1287 553 1367 reverentia,
587 1309 684 1369 quam
718 1309 795 1369 erga
826 1286 959 1352 beatum
989 1287 1124 1352 Petrum
1157 1290 1191 1351 e't
1221 1309 1280 1353 uos
1312 1288 1400 1371 ipsos
1432 1287 1574 1366 habetis,

295 1391 398 1472 possit
421 1393 514 1457 nobis
538 1399 633 1474 grata
656 1393 803 1457 referre.1
848 1394 936 1459 Data
960 1393 1116 1470 Laterani
1141 1393 1194 1457 ΙΠ
1216 1393 1291 1475 Kal.
1315 1393 1411 1457 Iunii.

295 1570 377 1638 272.
401 1574 564 1634 Aloanda
594 1576 647 1635 HI
679 1577 831 1652 (fratribus
858 1576 1071 1650 Bellae-uallis)
1114 1595 1218 1651 corpas
1250 1577 1331 1635 Pata·
1366 1576 1577 1652 archiepiscopi

409 1683 656 1755 Torooloslensls,
688 1684 723 1741 la
755 1701 855 1741 eoram
887 1683 1065 1742 monasterio
1096 1681 1226 1758 deflrlrcti
1248 1689 1274 1741 el
1295 1685 1413 1760 sepulti,
1436 1701 1574 1759 anquam

406 1789 519 1864 auferri
540 1794 620 1847 cetat.
1300 1869 1303 1873 .

463 1890 535 1944 Bibl.
555 1896 613 1944 nat.
632 1890 718 1944 Paris.
738 1889 1077 1944 0011.Moreau870f01.
1098 1892 1148 1944 171
1173 1907 1259 1944 manu
1277 1909 1297 1944 s.
1317 1905 1407 1946 xum.

173 2019 257 2079 1178
384 2014 569 2079 Alexander
599 2016 769 2098 episeopus
798 2014 874 2078 etc.b
919 2013 972 2078 Ad
1005 2014 1203 2095 audientiam
1236 2015 1437 2098 apostolatus
1469 2016 1577 2080 nostri

155 2109 275 2168 Iul-12·
295 2122 455 2202 pervenit,
488 2122 588 2204 quod,
614 2144 687 2186 cum
710 2120 901 2185 recolendae
924 2122 1098 2186 memoriae
1121 2121 1239 2186 Petrus
1264 2122 1427 2204 quondam
1450 2121 1576 2186 Taren-

295 2228 445 2292 tasiensis
470 2230 659 2311 episeopus2
682 2249 741 2312 per
763 2227 985 2291 executionem
1015 2228 1161 2292 mandati
1192 2229 1372 2311 apostolici,
1404 2229 1491 2312 quod
1514 2252 1577 2312 pro

295 2333 388 2397 uobis
404 2340 584 2418 acceperat,
609 2333 650 2396 ad
669 2339 811 2397 vestrum
830 2334 1062 2398 monasterium
1082 2335 1281 2417 accessisset,
1300 2333 1483 2400 infirmatus
1508 2341 1576 2399 sta-

295 2440 367 2521 tuit,
392 2442 485 2504 utin
508 2441 578 2506 loco
603 2445 730 2504 sacrato
754 2443 882 2521 vlestro,
908 2440 945 2525 si)
970 2461 1043 2504 eum
1066 2442 1148 2505 mori
1172 2443 1385 2523 contingeret,
1410 2442 1479 2505 eius
1502 2463 1576 2506 eor-

296 2547 366 2630 pori
390 2546 566 2630 hospitium
589 2552 820 2630 praestaretur.
867 2545 966 2630 Apud
989 2569 1045 2612 vos
1072 2548 1173 2629 igitur
1200 2550 1395 2613 constitutus
1422 2549 1578 2630 migrarit

297 2651 339 2716 ad
352 2651 527 2716 Dominum
551 2659 583 2716 et
606 2654 639 2716 in
662 2654 858 2718 monasterio
882 2658 989 2718 vestro
1014 2654 1097 2717 sicut
1120 2654 1296 2719 monachus
1316 2660 1349 2718 et
1371 2659 1465 2738 pater
1487 2653 1577 2720 ordi-

277 2760 345 2823 nis
368 2760 467 2823 vestri
489 2743 627 2841 honore,¹
645 2782 708 2842 quo
733 2759 850 2840 decuit,
876 2760 1075 2842 sepulturam
1094 2762 1228 2843 aceepit.
1266 2760 1314 2825 Ne
1337 2762 1438 2844 igitur
1459 2761 1493 2824 iu
1518 2783 1576 2843 po-

297 2871 419 2930 sterum
443 2888 540 2950 super
563 2867 707 2930 eiusdem
725 2866 959 2949 archiepiscopi
983 2888 1116 2950 corpore
1140 2867 1250 2932 domui
1272 2873 1399 2932 vestrae
1423 2869 1577 2932 molestia
1659 2879 1660 2892 ¹

296 2972 464 3056 inferatur,
489 2974 664 3037 autoritate
689 2972 837 3036 duximus
862 2972 1042 3055 apostoliea
1065 2972 1311 3056 prohibendum,
1335 2981 1372 3038 ut
1393 2974 1480 3039 idem
1504 2996 1576 3039 cor-

296 3101 357 3162 pus
380 3079 577 3144 monasterio
609 3083 716 3144 vestro
748 3078 837 3166 nullo
865 3101 1020 3161 umquam
1047 3085 1192 3162 tempore
1216 3080 1438 3144 subtrahatur.
1484 3079 1576 3144 Nulli

297 3206 372 3267 ergo
396 3186 525 3250 omuino
549 3186 715 3250 homiuum
739 3192 798 3249 eto.
838 3183 1125 3266 Quisautemhoc
1149 3191 1210 3250 etc.
1235 3192 1402 3270 utsupra.
1449 3186 1576 3251 Datum

296 3291 453 3356 Laterani
475 3291 547 3356 ΗΠ
569 3292 647 3356 Idus
670 3291 755 3357 Iulii.

297 3472 380 3539 273.
403 3475 566 3533 Aleraader
588 3474 640 3533 Ill
668 3443 841 3544 (acolitos
862 3475 1110 3551 Toroatosieascs)
1144 3475 1286 3549 bortatur,
1318 3495 1355 3535 ae
1385 3496 1403 3535 o
1429 3475 1576 3554 fratribus

407 3581 601 3640 Belloocollt's
623 3600 728 3658 corpas
751 3581 832 3640 Petri
854 3581 1061 3657 archiepiscopi
1083 3589 1204 3657 repetere
1221 3588 1423 3658 praesamant.

465 3682 536 3736 Bibl.
555 3688 613 3737 nat.
631 3682 717 3737 Paris.
738 3681 806 3738 Ooll.
825 3683 940 3737 Moreau
957 3683 1011 3737 870
1029 3682 1075 3737 fol.
1096 3683 1147 3736 172
1165 3701 1250 3737 manu
1269 3701 1290 3737 s.
1309 3696 1399 3738 xvm.

176 3806 260 3864 1178
385 3807 570 3872 Alexander
600 3809 769 3891 episeopus
801 3813 876 3871 eto⁰
921 3805 1184 3888 significantibus
1213 3808 1305 3873 nobis
1338 3807 1464 3871 dilectis
1496 3805 1575 3871 filiis

157 3896 214 3955 11¹1·
228 3896 277 3954 13·
297 3915 416 3980 nostris
440 3915 560 3978 abbate
584 3920 617 3978 et
639 3913 795 3978 fratribus
819 3913 931 3977 Bellae
954 3912 1048 3976 vallis
1076 3913 1118 3977 ad
1148 3913 1347 3978 audientiam
1370 3913 1574 3997 apostolatus

385 4067 398 4090 ²
415 4059 596 4110 suddiooonurn
616 4078 635 4108 c.
717 4057 872 4121 ιἸηεσφίριιό
890 4061 926 4106 ita
943 4060 1072 4119 sappknda
1089 4060 1192 4106 videtur:
1218 4073 1304 4106 servus
1322 4073 1450 4108 serranum
1469 4058 1515 4106 Dei
1534 4059 1573 4106 di-

298 4149 367 4198 lectis
385 4149 446 4197 filiis
463 4149 550 4197 abbati
568 4153 593 4197 et
610 4149 731 4197 fratribus
749 4147 894 4196 monasterii
904 4146 992 4194 Bellae
1002 4147 1077 4194 valli
1096 4147 1204 4195 salutem
1224 4150 1249 4194 et
1267 4151 1345 4210 apost.
1365 4146 1572 4196 benedictionem.

298 4241 356 4286 eIn
374 4243 434 4287 tanc
451 4241 543 4287 modam
561 4240 714 4298 supplendam
730 4239 833 4285 videtur.-
857 4250 945 4284 servus
962 4250 1092 4283 servorum
1111 4235 1158 4283 Dei
1182 4235 1281 4284 dilectis
1303 4235 1364 4283 filiis
1382 4236 1507 4284 canonicis
1525 4235 1572 4284 Ta-

299 4327 493 4375 rentasiensibus
511 4327 617 4374 salutem
637 4330 662 4374 et
680 4325 841 4388 apostolicam
859 4323 1068 4388 benedictionem.

387 4431 397 4460 1
415 4427 521 4484 Eadem
540 4428 669 4499 epistola,
697 4427 812 4482 mutatis
835 4427 967 4481 nimirum
987 4427 1141 4494 mutandis,
1161 4425 1196 4482 ad
1216 4426 1450 4498 archiepiscopum
1470 4427 1573 4481 Bituri-

298 4535 406 4572 censem
426 4518 539 4589 eiusque
556 4518 743 4588 suffraganeos
766 4515 870 4572 directe
888 4517 990 4588 legitur
1015 4535 1059 4588 ap.
1079 4517 1228 4572 Duehesne
1246 4517 1285 4570 H.
1305 4517 1350 4570 Fr.
1371 4515 1420 4571 SS.
1439 4516 1491 4570 IV.
1511 4517 1573 4582 559,

298 4606 371 4660 Jaffe
389 4607 456 4676 Reg.
476 4606 556 4672 8603,
575 4606 608 4660 cf.
628 4606 713 4660 etiam
731 4606 810 4673 8601,
828 4605 907 4660 8602.
982 4607 1094 4661 'Anno
1115 4607 1182 4660 1171
1203 4604 1358 4660 defimctua
