3296 5178
407 312 566 367 Srnrnnnr
585 327 607 368 v
624 326 793 368 nersronnn
812 315 855 370 60.
885 317 928 370 61.
956 316 991 370 62
1297 303 1338 364 35

74 477 127 542 60.
149 479 312 554 satanas
328 478 356 535 r
369 478 451 536 aaa
471 478 666 552 saraitae,
691 480 745 555 qur
762 481 802 539 aa
820 481 971 558 aaran
989 437 1261 555 „maeatarum
1281 483 1340 558 aa·

147 585 272 660 almar}

378 668 447 723 0011.
468 669 536 724 Brit
556 668 651 740 Steph.
671 687 713 742 ep.
735 671 851 738 10,1.1.
871 671 917 726 iol.
939 671 1011 726 15412.

149 861 254 875 ......
275 812 400 897 (eleclto
425 811 656 877 Salernitano.²
692 813 958 899 (mercennarius
982 835 1053 878 esse
1072 815 1231 882 veraciter
1254 835 1339 880 com·
1360 821 1514 880 essex.-

74 919 224 1000 probatur,
258 919 315 1000 qui
337 919 445 1000 potius
469 918 554 982 lacte
584 921 719 983 nutriri⁸
752 928 784 985 et
811 921 895 985 lanis
923 921 1033 984 vestiri
1063 922 1216 1004 appetiti,
1242 942 1340 1003 quam
1378 911 1490 970 salin.

75 1023 178 1089 Christi
200 1027 307 1108 gregis
331 1047 443 1089 curam
462 1046 583 1107 gerere,
608 1032 645 1089 ut
664 1026 829 1091 confracta
853 1028 974 1109 alliget,
1002 1027 1123 1092 debilia
1154 1027 1341 1092 corroboret

74 1139 100 1194 et
119 1138 280 1197 conservet
308 1133 449 1214 pinguia.
497 1131 542 1194 Et
564 1131 624 1196 hoc
657 1133 730 1198 ideo
753 1134 897 1217 negligit,
922 1135 1001 1216 quia
1024 1135 1265 1200 mercennarius
1289 1141 1341 1198 cst

73 1245 100 1300 et
118 1262 177 1304 non
199 1240 341 1321 pertinet
364 1239 407 1303 ad
430 1260 503 1302 cum
527 1238 566 1302 de
590 1239 731 1304 ovibus.⁴

73 1456 120 1520 61.
151 1458 315 1534 Stephanae
341 1428 511 1517 retrardo
530 1459 660 1534 episcopo
680 1457 833 1516 Laeana
850 1459 958 1532 scibit,
983 1460 1128 1535 quomodo
1146 1460 1187 1518 sit
1203 1459 1338 1518 aunam

148 1565 350 1638 resistendam,
375 1565 572 1640 hortaturque,
596 1571 629 1623 al
652 1565 710 1622 Dei
731 1565 866 1640 fidelibus
889 1567 1040 1624 carridium
1057 1565 1214 1642 porrr'pat.⁶

378 1684 446 1739 Coll.
467 1683 535 1738 Brit.
556 1683 650 1754 Steph.
670 1700 712 1754 ep.
734 1684 916 1751 12,l.1.f01.
937 1683 1010 1739 lbll.

149 1826 286 1892 Girardo
310 1826 512 1892 Leodicensi.
547 1825 685 1910 Oportet
706 1838 753 1890 cet.
777 1838 810 1890 ut
828 1834 863 1890 in
881 1833 1020 1893 Gratiani
1039 1834 1109 1893 decr.
1134 1834 1162 1892 0.
1173 1833 1227 1892 HI.
1246 1853 1293 1909 qa.
1310 1835 1337 1891 2.
1359 1833 1421 1890 886
1433 1853 1475 1890 ex.
1488 1870 1513 1877 —

71 1956 88 1994 r.
111 1939 129 1995 3
149 1958 239 2014 usqne
262 1939 300 1997 ad
321 1939 420 1997 naba:
448 1933 528 1998 vosb
551 1933 705 1998 debemus
730 1956 906 2018 opponere,
937 1935 1094 2000 habentes
1124 1956 1250 2018 semper
1278 1956 1336 2018 pre
1376 1922 1489 1980 estin.

72 2041 170 2120 oculis,
194 2040 234 2104 ad
254 2040 341 2122 quod
366 2040 480 2104 divina
491 2040 715 2123 providencia⁰
739 2063 831 2104 suam
849 2042 943 2106 vobis
962 2043 996 2105 in
1020 2043 1114 2106 terris
1134 2043 1236 2105 vicem
1263 2063 1336 2106 con-

72 2145 145 2208 tulit.
188 2146 304 2228 Itaque
329 2148 464 2228 quivos
490 2147 528 2210 de
561 2147 629 2211 celo
661 2148 796 2229 respicit
828 2170 986 2232 suumque
1009 2148 1100 2213 vobis
1130 2147 1272 2213 confertd
1303 2149 1336 2210 in

71 2254 155 2316 terris
177 2255 280 2336 tipum
299 2275 420 2335 gerere,
445 2254 478 2317 id
498 2276 518 2318 a
536 2253 626 2317 vobis
651 2255 801 2336 exquirit,
821 2261 858 2318 ut
876 2257 943 2318 suis
963 2255 1139 2320 consulatis
1159 2256 1246 2319 omni
1264 2255 1338 2316 nisu

70 2357 206 2424 fidelibus
231 2366 273 2440 et,
297 2361 331 2423 in
346 2382 549 2442 quocumque
565 2381 660 2442 posse
679 2361 844 2443 tribuitur,
864 2384 996 2426 manum
1015 2361 1189 2444 porrigatis
1208 2361 1337 2444 pacien-

70 2466 148 2528 tibus
169 2467 447 2531 necessitudinem.

71 2664 121 2729 62.
150 2667 315 2742 Stephanus
344 2667 372 2724 V
393 2669 428 2726 ia
451 2668 622 2726 Ronlanum
654 2668 902 2744 archiepiscopum
934 2668 1097 2742 tacebitur,
1131 2668 1208 2744 quod
1238 2673 1338 2725 contro
1425 2641 1427 2646 Ι

147 2792 271 2832 canones
294 2793 486 2832 successorem
508 2775 566 2832 sibi
588 2775 687 2850 elr'pare
709 2774 829 2850 feccrit.⁶
1152 2766 1155 2773 ’

361 2872 447 2947 con.
468 2893 536 2948 nra.
557 2893 651 2964 steph.
671 2911 713 2965 ep.
735 2897 777 2961 re,
795 2894 812 2948 1.
832 2894 851 2948 1.
870 2894 916 2948 for.
938 2894 1009 2949 15511.

147 3031 330 3116 Stephanus
350 3034 497 3101 Romano
522 3037 791 3120 archiepiscopol
829 3035 1040 3119 Quorundam
1063 3037 1170 3101 relatu
1193 3035 1337 3100 fidelium
1358 3042 1524 3100 887-888.

71 3137 239 3221 didicimus,
265 3142 361 3224 quod,
386 3149 418 3206 te
443 3143 627 3226 superstite,
649 3149 762 3208 contra
786 3151 910 3208 statuta
933 3165 1093 3208 canonum
1118 3163 1336 3207 successorem

70 3244 120 3307 tibi
142 3247 261 3328 eligere
285 3247 409 3330 feceris,
435 3256 468 3313 et
491 3250 656 3315 decretum
681 3272 777 3332 super
799 3250 861 3316 hoc
884 3251 955 3315 fieri
978 3257 1173 3331 tuorumque
1197 3270 1337 3331 quorun-

71 3349 151 3414 dame
183 3355 389 3419 sacerdotum
422 3377 459 3420 ac
491 3357 648 3421 laicorum
681 3357 831 3422 inanibus
859 3357 983 3422 firmari
1007 3357 1182 3422 enormiter
1205 3376 1338 3422 consen·

71 3459 150 3540 seris,
174 3461 332 3524 inmemor
355 3463 496 3527 existens
521 3464 726 3527 auctoritatis
751 3465 935 3545 canonicae,
960 3485 1022 3546 que
1046 3464 1172 3528 nullum
1195 3462 1258 3526 sibi
1281 3462 1339 3525 ali·

71 3584 155 3642 quem
178 3588 398 3632 successorem
422 3570 540 3652 eligere
565 3568 682 3634 debere
706 3569 855 3634 omnibus
879 3571 982 3636 modis
1007 3569 1166 3652 prohibet.

147 3672 240 3737 Item.
287 3673 353 3738 Nos
378 3681 501 3738 statuta
517 3663 766 3740 antecessorum
794 3683 979 3742 nostrorum
1006 3676 1208 3742 inviolabilia
1232 3674 1339 3740 obser·

71 3797 135 3841 rare
154 3780 331 3862 studentes,
352 3781 544 3845 mandamus
563 3782 623 3845 tibi
643 3790 675 3846 et
694 3785 888 3848 auctoritate
908 3785 1088 3866 apostolica
1106 3783 1210 3847 modis
1239 3782 1339 3847 omni·
1370 3809 1371 3814 ¹

71 3879 122 3946 bus
143 3886 375 3967 interdicimus
400 3895 445 3968 ut,
471 3888 559 3969 quod
582 3909 621 3952 ex
643 3889 705 3952 hac
729 3890 975 3972 reprehensibili
990 3905 1102 3954 'causa
1129 3890 1251 3954 factum
1280 3895 1338 3968 est,

72 3992 147 4067 quod
169 3995 270 4057 sacris
294 3994 423 4058 ridetur
446 3994 623 4059 canonibus
648 3997 845 4060 contrarium
877 4003 910 4060 et
938 3997 1139 4078 sapientibus
1167 3997 1244 4060 viris
1272 3995 1338 4060 odi·

72 4091 135 4178 bile,
158 4100 315 4164 radicitus
339 4107 488 4183 amputes
512 4108 546 4164 et
568 4103 614 4164 ita
639 4103 795 4166 curiosius
825 4102 997 4184 destruasf,
1023 4109 1059 4166 ut
1084 4103 1122 4167 de
1147 4109 1253 4167 cetero
1277 4111 1340 4165 neg

148 4284 160 4306 ⁸
177 4281 275 4329 nutrirri
294 4292 335 4330 aar
352 4282 457 4330 nutrirri
475 4300 496 4331 c.
575 4278 639 4332 bric
656 4286 682 4330 ia
700 4285 752 4332 cod.
772 4287 831 4332 Bra.
853 4302 899 4346 pro
919 4301 964 4333 nos
984 4288 1103 4334 Gratiani.
1177 4281 1339 4344 cproviden-

73 4363 125 4414 ciam
143 4387 160 4416 c.
237 4366 352 4418 dconfer
370 4389 390 4418 o.
464 4375 600 4434 equorum
620 4389 640 4419 c.
714 4362 839 4421 sdcstrue
857 4376 909 4422 cod.
929 4373 1052 4438 adema)
1076 4391 1146 4422 manu
1164 4379 1337 4428 calcaneorum

73 4453 92 4496 in
107 4454 224 4508 destruas.
297 4464 310 4496 ⁸
327 4478 359 4508 aa
377 4475 423 4508 nec
441 4463 620 4521 corripendum?

152 4561 220 4616 ²Cf.
241 4563 314 4617 June
332 4562 374 4616 ed.
395 4579 446 4616 sec.
467 4563 544 4616 3417.
619 4563 736 4617 ²Petro.
815 4565 941 4620 ³Ezech.
962 4566 1005 4632 34,
1024 4565 1047 4618 3.
1124 4561 1214 4616 ⁴10h.
1235 4562 1338 4628 10,13.

73 4640 134 4698 le.
152 4649 224 4705 Jaffe
242 4651 284 4706 ed.
304 4667 356 4706 sec.
376 4652 454 4706 3419.
529 4652 598 4706 ⁶0f.
618 4652 691 4706 Jaffe
710 4650 751 4706 ed.
772 4669 823 4708 sec.
844 4655 921 4708 3435.
1016 4653 1024 4683 ⁷
1043 4651 1207 4707 Ravennati.

1091 4738 1126 4794 3*
