3296 5178
496 313 668 370 Pisaurus
687 329 711 369 11
730 328 897 370 maranen
916 317 966 370 155
1326 298 1365 359 ’Π

84 470 271 551 reptionem
294 477 423 536 constat
446 475 641 557 appositum,
666 475 746 539 nihil
769 496 828 558 per
849 475 911 540 hoc
934 473 1125 556 praeiudicii
1148 473 1294 538 volumus
1317 470 1543 536 vo11113-17

84 575 163 640 locis
197 577 252 641 vel
284 579 431 660 personis
465 581 626 664 aliquibus
660 582 806 664 irrogari.
857 580 1089 646 Praesentibus
1121 580 1220 662 igitur
1250 579 1367 643 litteris
1405 560 1531 621 Olli-1²·

85 683 302 748 sollicitudini
320 690 396 749 tuae
414 689 642 772 praecipimus,
670 691 824 771 quatinus
848 696 905 754 aut
927 687 1126 754 confratrum
1149 693 1279 751 tuorum
1303 685 1369 767 epi·

86 812 263 873 scoporum
282 790 503 877 abbatumque
522 795 641 860 iudicio
660 817 793 861 oausam
811 796 917 878 ipsam
935 795 1020 860 inter
1043 794 1180 859 abbates
1204 799 1236 856 ct
1258 813 1368 857 mona-

86 899 224 961 sterium
239 904 414 982 utrumque
432 901 567 968 definias
581 909 639 967 aut
654 903 790 968 abbates
805 904 894 986 ipsos
913 923 1016 985 usque
1039 901 1205 984 proximae
1229 898 1369 983 quadra·

86 1005 232 1086 gesimae
258 1006 352 1070 initia
376 1007 418 1072 ad
441 1015 586 1074 nostram
608 1011 829 1094 praesentiam
854 1009 985 1092 dirigas.
1022 1007 1159 1072 lnterim
1178 1006 1209 1071 b.
1229 1005 1370 1088 Remigii

86 1113 324 1176 monasterium
346 1115 380 1178 in
404 1137 482 1180 suae
506 1118 624 1199 quietis
647 1117 886 1200 tranquillitate
903 1120 1102 1200 permaneat.
1140 1113 1263 1178 Datum
1281 1113 1369 1176 Ana-

85 1219 182 1300 gniae
206 1218 258 1282 IV
281 1219 361 1284 Idus
386 1221 562 1288 Octobris,a

86 1453 166 1518 155.
202 1455 357 1516 Pascbalis
378 1458 414 1517 II
433 1459 560 1539 Radalso
583 1461 795 1538 archiepiscopo
818 1460 957 1519 amensa·
979 1459 1140 1535 significat,
1169 1477 1230 1516 sesa
1257 1457 1369 1516 abbatas

204 1561 235 1621 S.
260 1563 389 1640 Remigii
410 1572 436 1624 ct
461 1567 491 1626 S.
515 1568 632 1627 Nicasii
657 1588 750 1646 usqae
777 1569 816 1627 ud
831 1567 1006 1644 proximam
1033 1566 1160 1625 Docaiai
1186 1565 1369 1624 nativitatem

203 1669 281 1746 (Dec.
295 1672 348 1746 25)
368 1691 504 1733 euocasse.
528 1675 618 1734 Addit
631 1676 664 1734 dc
676 1675 830 1752 privilagio
849 1673 1026 1733 commetario
1043 1673 1073 1732 S.
1083 1672 1212 1748 Rcmr'qii
1229 1690 1368 1730 concesso.

275 1790 347 1846 Bibl.
366 1799 424 1848 nat.
443 1795 528 1850 Paris.
548 1795 618 1852 0011.
638 1796 741 1850 Baluze
758 1796 794 1850 46
812 1795 859 1849 fol.
880 1793 945 1848 2571'
964 1809 1049 1847 manu
1068 1810 1088 1846 s.
1108 1806 1186 1847 xvn.

180 1950 350 2017 Paschalis
378 1955 548 2039 episeopus
581 1977 692 2022 servus
724 1977 890 2021 servorum
912 1953 975 2018 Dei
998 1952 1162 2039 R(adulfo)
1189 1949 1368 2016 venerabili
1387 1952 1499 2012 1113-

89 2056 185 2122 fratri
209 2065 243 2122 et
265 2062 456 2144 coepiscopo
478 2062 687 2128 Remeusium
716 2063 854 2127 salutem
878 2068 910 2126 et
935 2060 1148 2144 apostolicam
1171 2058 1367 2134 benedictio·
1395 2042 1490 2102 1117·

89 2186 174 2229 nem.
222 2165 454 2234 bbaternitatis
481 2175 557 2236 tuae
586 2172 708 2255 scripta
732 2171 947 2254 suscepimus
976 2169 1010 2232 in
1037 2167 1155 2252 quibus
1179 2187 1298 2248 magna
1321 2165 1368 2229 di·

89 2273 230 2337 versitas
253 2274 433 2357 videbatur,
458 2278 611 2358 quoniam
635 2299 707 2342 cum
730 2279 820 2360 prius
844 2297 958 2360 pacem
977 2276 1062 2340 inter
1085 2273 1222 2339 abbates
1246 2279 1279 2337 et
1301 2295 1368 2338 mo·

90 2381 238 2445 nesteria
260 2381 306 2446 ibi
333 2384 474 2464 positam
502 2383 722 2467 significabas,
748 2385 839 2449 salva
862 2384 1056 2448 auctoritate
1084 2380 1244 2466 privilegii
1266 2379 1370 2444 nostri

91 2493 124 2551 et
148 2488 239 2552 salvo
262 2488 332 2553 iure
356 2491 635 2574 monasteriorum,
659 2485 821 2576 posterius
850 2513 870 2556 a
897 2490 991 2556 nobis
1014 2489 1141 2554 litteras
1165 2487 1236 2551 fieri
1259 2493 1369 2570 postu-

90 2594 200 2675 labas,
231 2616 272 2659 ne
295 2596 328 2659 in
356 2603 522 2679 posterum
549 2599 633 2663 inter
661 2598 774 2663 eadem
797 2598 995 2664 monasteria
1018 2596 1128 2679 aliqua
1152 2593 1371 2660 controversia

92 2702 262 2766 occasione
284 2702 444 2786 privilegii
467 2705 569 2769 nostri
592 2712 704 2789 posset
726 2705 856 2770 oboriri.
894 2703 961 2769 Nos
980 2709 1099 2784 autern,
1125 2699 1370 2765 cumfratribus

90 2809 214 2873 nostris
236 2809 327 2891 pacis
351 2811 519 2876 occasione
547 2813 732 2878 ministrare
755 2818 917 2895 optemus,
952 2809 1098 2874 scandali
1125 2807 1270 2873 fomitem
1293 2806 1371 2871 dare

92 2915 276 2980 abnuimus.
323 2915 462 3000 Propter
494 2940 592 3001 quam
625 2941 757 2983 causam
788 2917 1020 3002 praecipimuS‚
1055 2921 1087 2980 et
1115 2914 1147 2981 S.
1172 2914 1311 2996 Remigii
1339 2919 1372 2977 et

92 3021 123 3086 S.
145 3020 292 3086 Nichasii
316 3023 452 3088 abbates
476 3046 549 3090 cum
567 3025 734 3109 privilegio
753 3032 865 3090 nostro
889 3031 1018 3088 etcum
1042 3022 1289 3087 commonitione
1313 3041 1371 3103 per

91 3150 148 3193 vos
173 3128 333 3213 disposita
359 3153 462 3213 usque
495 3132 537 3196 ad
559 3133 741 3216 proximam
767 3133 974 3196 nativitatem
996 3129 1129 3195 Domini
1156 3128 1198 3192 ad
1225 3133 1370 3192 nostram

92 3237 313 3318 praesentiam
336 3239 517 3304 convenire.
563 3239 597 3304 si
621 3239 700 3323 quid
719 3239 804 3304 enim
826 3239 861 3302 in
884 3239 1005 3320 scripto
1027 3258 1086 3320 per
1109 3257 1167 3300 nos
1191 3235 1278 3298 edito
1302 3254 1370 3298 cor·

92 3342 262 3425 rigendum
286 3351 345 3426 est,
371 3344 503 3427 dignum
526 3345 671 3430 profecto
695 3351 754 3428 est,
779 3352 815 3409 ut
838 3366 896 3428 per
919 3367 977 3409 nos
1001 3343 1205 3426 potissimum
1230 3341 1370 3422 corriga-

92 3456 146 3514 tur
170 3455 212 3532 et,
237 3452 416 3534 perspectis
440 3453 610 3536 utriusque
637 3453 740 3536 partis
767 3452 960 3533 rationibus
984 3450 1078 3514 firma
1101 3471 1166 3531 pax
1189 3453 1222 3512 et
1245 3447 1371 3511 stabilis

93 3579 150 3639 per
173 3580 233 3624 nos
256 3559 415 3641 largiente
433 3559 573 3625 Domino
594 3559 788 3643 supradictis
807 3557 1012 3623 monasteriis
1032 3555 1249 3621 confirmetur.
1285 3553 1371 3618 lllud

94 3671 204 3730 autem
227 3665 439 3748 privilegium,
465 3667 552 3748 quod
574 3665 739 3732 monachis
763 3667 794 3730 b.
814 3665 955 3747 Remigii
978 3669 1201 3747 tepraesente
1224 3665 1275 3726 etb
1299 3685 1372 3727 con·

94 3773 257 3837 sentiente
280 3773 507 3855 concessimus
531 3773 694 3838 illibatum
717 3772 864 3838 volumus
887 3769 1052 3836 custodiri.
1100 3769 1207 3851 Quam
1235 3768 1276 3834 ob
1304 3790 1372 3834 rem

93 3879 307 3945 sollicitudini
339 3886 415 3944 tuae
446 3881 678 3964 praecipimus,
711 3886 749 3944 nt
772 3879 811 3942 de
834 3878 991 3942 ministris
1018 3877 1098 3958 tuis,
1132 3877 1188 3959 qui
1218 3875 1373 3940 audacter

93 3986 181 4051 idem
210 3987 416 4070 privilegium
442 3986 657 4071 infregerunt,
687 3985 830 4051 debitam
857 3983 1053 4049 monasterio
1076 3983 1236 4047 iustitiam
1259 3981 1370 4046 facias.

92 4094 141 4158 De
167 4094 285 4158 ceteris
310 4095 409 4158 etiarn
432 4094 572 4177 querelis
596 4094 734 4159 fratrum
756 4093 787 4157 b.
812 4091 952 4174 Remigii
977 4090 1169 4154 mandamus
1193 4095 1226 4154 et
1248 4089 1371 4171 praeci-

92 4202 211 4284 pimus,
236 4207 274 4284 ut
296 4201 455 4265 iustitiam
483 4201 653 4267 sollicitius
682 4201 793 4265 facias,
840 4198 944 4262 Decet
966 4198 1051 4262 enim
1078 4217 1134 4262 vos
1161 4197 1245 4260 tanti
1268 4196 1371 4278 patris

92 4307 178 4374 filios
199 4357 437 4373 .........
463 4308 609 4374 devotius
638 4313 670 4372 et
693 4306 857 4372 efficacius
880 4307 914 4369 in
942 4306 1010 4369 eius
1035 4303 1190 4385 obsequio
1213 4301 1372 4384 vigilare.⁰

182 4495 195 4520 ⁸
213 4492 335 4552 detolae
352 4493 414 4551 baie,
433 4509 460 4538 ca
478 4494 572 4541 archivo
591 4493 707 4539 Rcmcasa's
728 4493 830 4550 archiep.
850 4490 992 4547 dcacpaa,
1011 4489 1068 4533 baec
1090 4486 1159 4532 acrba
1178 4487 1303 4545 proposita
1320 4493 1373 4531 sant

94 4581 215 4628 Delatum
233 4594 249 4628 a
267 4580 400 4628 Lamberto
418 4583 444 4628 et
461 4580 603 4628 Godefrido.
694 4576 706 4609 ὓ
725 4583 750 4626 et
767 4580 860 4626 addida
942 4579 952 4602 ⁰
971 4577 1001 4621 Ia
1018 4577 1093 4635 capite
1111 4576 1179 4620 baius
1204 4575 1327 4634 epistolare,
1345 4590 1373 4620 ca

95 4674 191 4720 archivo
211 4673 313 4732 arcbr'cp.
324 4673 439 4717 tractaris
453 4673 589 4732 &carptae
608 4673 664 4716 buca
677 4671 746 4716 caba
755 4670 865 4729 apposita
873 4673 926 4714 arat
944 4663 1063 4712 Delatum
1077 4663 1110 4711 ab
1119 4661 1206 4710 Odone
1217 4666 1242 4710 et
1250 4662 1371 4723 Rodgero.
