3296 5178
285 289 326 351 38
502 304 658 358 Iousrvms
677 317 737 357 xrx
756 317 794 356 ur
813 305 1002 356 Annxsrvnar
1020 313 1045 355 11
1063 315 1231 357 mueronau
1249 303 1291 357 67,
1312 303 1346 358 68

98 463 265 522 931-936.
284 465 415 528 omniuo
438 464 589 546 precibus
614 485 725 529 eorum
750 462 1007 545 supplicantibus
1036 462 1193 528 roborari.
1240 461 1366 528 Idcirco
1393 466 1471 546 quia
1494 487 1579 548 sug-

283 571 386 653 gessit
417 576 528 636 nostro
561 571 758 653 apostolatui
791 569 960 633 Landsuid
982 570 1163 634 humillima
1196 569 1365 635 abbatissa
1397 592 1462 639 una
1496 592 1578 635 cum

285 678 401 741 ceteris
426 677 590 742 sororibus
620 678 696 758 suis,
722 676 863 759 qualiter
886 683 999 742 nostra
1026 677 1206 759 apostolica
1236 677 1377 740 tuicione
1404 682 1580 741 tutaretur

284 785 517 849 monasterium
536 785 706 866 virginum,
727 783 813 865 quod
834 790 883 847 est
907 785 1005 847 situm
1028 799 1128 866 prope
1149 784 1314 847 civitatem
1334 781 1577 865 Coloniensem,
1636 815 1637 822 ¹

285 889 372 972 quod
391 889 523 972 quidam
538 890 758 954 Herimannus
778 890 1040 972 archiepiscopus
1060 891 1225 972 reparavit
1242 891 1276 953 in
1295 890 1416 954 honore
1436 897 1578 955 sanctae

285 997 348 1060 Dei
367 998 533 1079 genitricis
553 1018 743 1079 semperque
763 997 895 1079 virginis
906 997 1031 1060 Mariae
1051 1002 1084 1060 et
1101 995 1252 1060 undecim
1271 997 1379 1060 milia*
1396 997 1576 1078 virginum,

285 1109 322 1166 ut
346 1103 407 1167 sub
429 1109 542 1169 nostra
566 1104 746 1186 apostolica
769 1104 911 1168 tuicione
935 1104 1022 1167 omni
1045 1109 1235 1185 permaneat
1260 1108 1405 1185 tempore
1429 1126 1488 1186 pro
1513 1104 1576 1169 ho-

284 1231 363 1274 nore
383 1210 493 1275 domni
510 1211 614 1274 nostri
627 1209 726 1274 lhcsu
741 1209 861 1274 Christi
885 1215 917 1273 et
935 1209 1083 1274 mercede
1103 1210 1230 1274 animae
1248 1215 1390 1290 nostrae,
1411 1215 1447 1274 ut
1460 1211 1575 1274 nullus

233 1385 236 1394 ,
284 1317 318 1379 in
341 1317 407 1382 iam
439 1317 506 1381 fato
541 1323 652 1382 sancto
685 1317 756 1382 loco
789 1315 913 1397 aliquid
947 1317 1143 1380 contrarium
1175 1314 1308 1397 inferat,
1344 1316 1399 1380 sed
1428 1316 1577 1398 qualiter

283 1422 504 1512 Herimannus
529 1425 791 1507 archiepiscopus
815 1444 889 1486 eum
913 1422 1081 1486 constituit
1108 1423 1159 1487 vel
1187 1444 1246 1486 sua
1273 1423 1451 1507 scripcione
1474 1424 1576 1488 robo-

285 1531 381 1613 ravit,
406 1531 557 1615 deinceps
581 1537 773 1614 permaneat
795 1535 908 1594 nostra
931 1528 1110 1613 apostolica
1132 1529 1348 1612 proteccione.
1386 1529 1503 1594 Amen.

286 1799 343 1867 6¹7.
371 1802 518 1861 Ichuctacs
536 1801 618 1861 XIX
637 1804 776 1862 omnibus
803 1802 916 1862 Christi
934 1801 1069 1878 fidelibus
1087 1801 1215 1874 nuntiat,
1240 1799 1406 1860 Gnidoccrc
1429 1801 1463 1860 dc
1484 1803 1576 1860 llari
1637 1837 1638 1842 κ

375 1915 401 1967 ct
423 1909 595 1985 lapcbicm,
620 1909 684 1968 cias
706 1929 837 1983 mem,
862 1909 896 1968 ic
918 1908 1059 1968 comitutu
1081 1907 1283 1966 Lemordceosi
1304 1908 1340 1965 in
1356 1926 1434 1984 papo
1452 1909 1574 1967 Arcturo

376 2016 591 2074 mortostcritcm
614 2017 777 2074 condidisse
799 2035 833 2074 cc
855 2016 940 2074 bonis
962 1990 1092 2074 ditasse.1

463 2133 535 2190 Bibl.
555 2141 612 2190 nst.
631 2135 718 2190 Paris.
738 2153 789 2190 ms.
808 2135 856 2189 lat.
876 2133 946 2189 4883
956 2135 990 2190 Α.
1010 2132 1056 2187 fol.
1077 2134 1119 2187 67.
1139 2149 1225 2186 manu
1243 2149 1313 2188 saec.
1333 2133 1390 2187 nb.

157 2309 270 2367 1023,
376 2277 539 2342 Iohannes
563 2279 733 2362 episcopus
758 2299 868 2342 servus
893 2297 1059 2341 servorum
1082 2275 1154 2360 Dei.
1204 2274 1325 2339 Notum
1350 2276 1394 2339 sit
1419 2275 1573 2340 omnibus

164 2397 259 2457 1033,
288 2390 420 2448 sanctae
445 2383 497 2449 dei
520 2386 697 2450 aecclesiae
728 2384 814 2466 filiis,
838 2382 1044 2467 presentibus
1074 2389 1106 2446 et
1129 2381 1256 2463 futuris,
1285 2381 1425 2464 qualiter
1449 2381 1569 2462 Cnido,

289 2491 345 2571 qui
374 2496 509 2554 vocatur
536 2491 576 2556 de
600 2491 706 2572 Turri,
741 2497 773 2556 et
799 2491 944 2573 Ingalsia
974 2490 1112 2572 iugales,
1137 2490 1318 2571 inspirante
1342 2489 1450 2554 divina
1473 2492 1572 2554 mise·

288 2596 443 2677 ricordia,
478 2604 728 2662 construxerunt
759 2598 991 2662 monasterium
1025 2598 1058 2660 in
1090 2599 1247 2663 comitatu
1279 2596 1504 2681 Lemovicino,
1539 2599 1571 2661 iu

287 2725 382 2787 pago,
407 2705 480 2786 qui⁰
504 2703 623 2768 dicitur
641 2704 781 2786 Aruaco,
807 2705 848 2768 ad
872 2705 1027 2769 honorem
1051 2709 1183 2768 sanctae
1208 2711 1241 2768 et
1267 2704 1454 2768 individuae
1477 2707 1572 2768 trini-

288 2813 377 2893 tatis,
408 2811 512 2893 patris
537 2811 660 2876 scilicet
683 2817 716 2875 et
743 2810 802 2874 filii
826 2817 859 2874 ct
886 2811 1019 2894 spiritus
1049 2812 1167 2892 sancti,
1191 2811 1344 2893 beatique
1376 2810 1571 2876 confessoris

289 2917 410 2982 Christi
432 2917 594 2999 Pardulfi,
624 2924 657 2982 et
688 2918 727 2981 de
756 2917 891 2980 diversis
915 2939 1026 2982 eorum
1049 2917 1314 2999 proprietatibus,
1338 2917 1514 2982 mobilibus
1539 2923 1573 2980 et

287 3024 511 3106 inmobilibus,
544 3024 666 3088 ibidem
693 3046 757 3088 non
785 3045 890 3106 panca
920 3023 1079 3087 dederunt
1107 3023 1148 3086 ad
1178 3025 1447 3088 sustentationem
1470 3029 1571 3105 atquc

288 3153 382 3195 usum
406 3137 439 3195 ct
466 3130 621 3196 salarium
650 3133 793 3196 omnium
820 3130 1051 3195 monachorum
1076 3135 1109 3194 et
1136 3151 1302 3195 servorum
1325 3130 1402 3212 Dei,
1436 3131 1493 3212 qui
1518 3130 1570 3193 dic

287 3243 449 3319 noctuque
469 3236 634 3302 dominum
654 3244 686 3302 et
705 3243 891 3303 sanctorum
910 3237 1028 3301 merita
1047 3257 1181 3322 euorare
1207 3236 1328 3301 ibidem
1351 3259 1415 3302 non
1440 3243 1572 3302 cessant

286 3365 345 3427 pro
370 3365 481 3409 eorum
505 3350 538 3408 et
562 3346 704 3409 omnium
728 3344 986 3409 Christianorum
1011 3343 1146 3408 delictis.

287 3613 348 3678 68.
376 3615 540 3674 Alexander
562 3615 598 3674 ll
616 3617 756 3692 episcopis
769 3617 928 3675 Dacorum
947 3616 1055 3688 scribit,
1079 3615 1144 3674 sice
1163 3593 1279 3674 licchtic
1296 3615 1374 3674 sedis
1392 3615 1567 3690 apostolicae

376 3722 543 3797 episcopum
566 3723 671 3798 deponi
692 3742 754 3782 con
771 3742 866 3799 posse.

386 3840 455 3894 Coll.
475 3841 544 3896 Brit.
563 3841 643 3896 Alex.
663 3803 705 3912 ep.
716 3843 742 3908 3,
759 3842 789 3895 in
808 3841 867 3896 cod.
884 3841 957 3895 Mus.
967 3840 1035 3897 Brit.
1046 3839 1141 3895 Addit
1151 3840 1222 3894 8873
1241 3858 1261 3894 s.
1272 3854 1320 3894 xn
1338 3841 1375 3896 in.
1386 3841 1432 3896 fol.
1443 3841 1486 3895 39.

133 3996 265 4057 c.1061,
375 3981 533 4048 Omnibus
558 3984 717 4066 episcopis
741 3982 918 4048 Danorum.
960 3983 1216 4048 Fraternitatem
1241 3983 1380 4065 denique
1407 3989 1568 4046 veretrum

284 4091 374 4156 nullo
397 4091 492 4156 modo
517 4090 677 4155 credimus
707 4089 823 4172 latere,
853 4091 1015 4154 nemiuem
1038 4090 1354 4173 archiepiscoporum
1381 4109 1486 4171 neque
1509 4111 1567 4172 pa-

373 4276 385 4299 ⁸
402 4275 436 4320 sic
454 4275 505 4322 cod.
597 4268 610 4301 ¹³
628 4275 734 4332 δαίμων
757 4275 846 4320 litteras
868 4274 984 4319 wilcium
1003 4273 1128 4332 papalium
1150 4274 1331 4334 bnpcbardicas
1358 4274 1449 4319 imitari
1470 4280 1569 4320 commis

285 4370 324 4410 cst.
361 4363 446 4410 Basta
463 4364 531 4410 huius
549 4364 658 4423 epistolae
677 4363 746 4421 copia
769 4377 796 4408 cc
814 4363 893 4410 codem
911 4363 990 4409 codice
1001 4362 1076 4422 sacta
1097 4363 1123 4407 in
1143 4362 1202 4411 coll.
1222 4363 1309 4408 Balnea
1328 4358 1364 4408 62
1374 4361 1425 4422 sol.
1445 4357 1504 4419 215,
1527 4361 1570 4407 ubi

285 4452 414 4498 auci-amm
425 4452 511 4512 forma
528 4468 577 4500 croc
594 4460 654 4498 recte
672 4451 827 4510 „sacocum
846 4453 938 4500 dicdur.
1012 4453 1022 4476 ⁰
1039 4463 1105 4510 quae
1123 4467 1144 4499 c.

377 4553 387 4584 ¹
406 4552 527 4608 Iohanni
544 4553 619 4607 XIX
638 4552 752 4622 ascripsi
770 4553 930 4623 epistolam,
949 4553 1014 4624 quia
1032 4552 1191 4623 episcopum
1211 4551 1436 4606 lemovicensem
1456 4549 1568 4604 a102s

264 4685 266 4690 ,
286 4640 427 4696 dedicasse
445 4647 564 4697 monast.
583 4643 742 4696 Amacense
765 4640 846 4696 docet
863 4641 936 4696 Gall.
957 4641 1020 4696 Chr.
1040 4641 1079 4696 ΙΙ.
1099 4643 1159 4696 514.
1198 4640 1239 4695 Cf.
1258 4639 1331 4696 Jaffe
1353 4639 1395 4695 ed.
1415 4655 1467 4695 sce.
1487 4639 1567 4693 4107.
