3336 5184
477 310 667 364 Annxnnnnr
685 325 722 364 111
742 323 910 366 nnrsronau
928 310 981 365 320
1304 295 1364 357 187

85 471 142 552 qui
167 469 248 534 alibi
270 469 392 534 habere
415 471 554 536 maiores
577 471 723 535 redditus
747 468 950 554 perhibetur,
975 491 1034 553 pro
1057 490 1116 534 suo
1140 469 1259 534 dicitur
1282 470 1366 535 arbi·
1386 467 1521 528 1180111-

84 578 148 641 trio
174 577 383 641 concessisse.
429 575 469 640 In
493 598 557 658 quo
587 577 714 659 utique,
749 578 777 642 si
800 598 911 641 verum
934 582 997 656 est,
1023 576 1235 659 apostolicam
1259 576 1368 642 sedem
1408 597 1410 603 ’
1485 610 1487 615 ·

84 683 236 765 offendit,
270 682 459 747 mandatum
492 688 639 747 nostrum
672 688 912 766 contempnens.
959 680 1044 763 Quia
1076 682 1176 764 igitur
1209 684 1368 748 sustinere
1465 767 1469 774 Υ

16 861 17 864 ¹
84 791 238 856 nolumus
263 790 348 854 sicut
369 810 429 854 nec
454 789 624 871 debemus,
658 795 695 853 ut
726 789 900 872 integratio
932 775 1034 870 ipsius
1058 788 1200 873 H(ervei)
1231 790 1369 855 ulterius

16 879 17 916 l
85 896 268 975 differatur,
302 917 374 960 cum
406 916 464 978 per
498 896 775 961 conversationem
808 902 840 961 et
871 894 1090 959 litteraturam
1123 894 1239 977 dignus
1272 898 1370 961 etiam

84 1003 205 1067 maiori
227 1001 384 1068 beneficio
408 1005 586 1085 reputetur,
610 1004 826 1086 prescriptam
845 1003 1061 1083 donationem,
1085 1003 1162 1083 quia
1181 1009 1370 1088 presumpta

85 1116 135 1173 est
169 1115 286 1173 contra
316 1115 506 1193 preceptum
537 1114 701 1189 nostrum,
740 1110 934 1174 auctoritate
968 1109 1147 1191 apostolica
1178 1109 1370 1174 irritandam

83 1215 248 1297 iubentes,
272 1216 423 1299 episcopo
438 1221 618 1280 memorato
637 1217 843 1299 precipimus,
867 1220 914 1296 ut,
934 1215 962 1279 si
981 1236 1032 1279 res
1056 1216 1104 1279 ita
1123 1235 1157 1279 sc
1175 1215 1285 1298 habet,
1303 1209 1390 1280 iam'

85 1323 211 1387 dictam
236 1321 402 1386 dimidiam
433 1322 636 1405 prebendam
650 1324 652 1330 '
668 1325 798 1387 nomine
830 1323 932 1406 ipsius
964 1321 1107 1406 H(ervei)
1139 1321 1265 1386 dilectis
1295 1322 1371 1387 filiis

84 1430 208 1494 nostris
224 1427 343 1493 Rorico
367 1427 600 1495 archidiacono
625 1435 657 1493 et
671 1428 813 1494 (luidoni
836 1429 946 1511 nepoti
970 1428 1094 1509 decani,
1119 1431 1273 1493 canonico
1291 1429 1372 1494 Mel-

86 1537 191 1617 densi,
215 1535 267 1599 vel
291 1555 402 1598 eorum
425 1535 536 1617 alteri,
561 1536 717 1601 dilatione
741 1535 1052 1600 contradictione-et
1081 1534 1299 1618 appellatione
1322 1557 1371 1600 re-

16 1703 17 1706 ,
85 1650 186 1723 mota,
220 1640 387 1706 concedat.
435 1639 597 1722 Quocirca
628 1641 828 1706 fraternitati
859 1647 914 1706 tue
947 1662 1005 1724 per
1037 1642 1217 1724 apostolica
1250 1643 1372 1725 scripta

16 1749 17 1790 l
87 1748 283 1812 mandamus
307 1753 406 1830 atque
429 1749 637 1832 precipimus,
663 1750 817 1830 quatinus
846 1748 983 1813 eundem
1007 1749 1193 1832 episcopum
1217 1749 1259 1813 ad
1282 1770 1371 1819 man-

16 1871 17 1874 ’
88 1856 202 1919 datum
227 1859 376 1919 nostrum
402 1855 603 1939 implendum
622 1876 763 1935 ¹moneas
793 1856 948 1919 attentius
973 1861 1006 1919 et
1028 1855 1174 1920 inducas.
1221 1853 1372 1919 Ueterum

88 1963 113 2024 si
136 1961 273 2026 monitis
307 1963 372 2024 tuis
400 1962 533 2026 minime
564 1962 781 2044 adquieverit,
814 1961 940 2045 prefato
969 1961 1196 2026 archidiacono
1225 1967 1258 2025 et
1281 1959 1371 2044 (itui-

88 2069 174 2153 doni)
203 2068 319 2150 nepoti
352 2067 466 2132 decani
498 2069 549 2133 vel
577 2090 688 2134 eorum
718 2069 812 2133 alteri
839 2069 1054 2152 prescriptam
1078 2068 1245 2132 dimidiam
1268 2067 1371 2150 ipsius

16 2183 17 2214 t
88 2174 233 2258 Hermai)
256 2175 386 2238 nomine
409 2175 618 2258 assignando,
644 2197 717 2239 eum
742 2176 936 2240 auctoritate
961 2180 1083 2256 nostra,
1108 2173 1237 2239 sublato
1262 2175 1372 2256 appel-

16 2331 17 2376 ,
88 2281 222 2346 lationis
242 2279 385 2361 diffugi0,
409 2302 474 2345 non
496 2281 626 2346 differas
650 2282 823 2364 integrare,
849 2282 970 2346 decano
995 2288 1028 2346 et
1050 2280 1192 2363 capitulo
1217 2287 1372 2363 exparte

88 2394 202 2452 nostra
211 2387 405 2469 precipiens,
415 2393 462 2468 ut,
474 2387 562 2470 quod
571 2389 766 2453 auctoritate
782 2388 961 2470 apostolica
971 2388 1096 2469 feceris,
1107 2393 1215 2451 ratum
1229 2386 1373 2452 habeant

90 2499 129 2575 et,
147 2493 274 2557 nullius
289 2493 543 2559 contradictione
561 2495 613 2559 vel
632 2494 849 2578 appellatione
869 2495 1030 2577 obstante,
1055 2494 1236 2559 observent.
1273 2493 1372 2559 Nolu-

89 2621 157 2664 mus
193 2604 321 2680 autem,
355 2599 441 2681 quod
473 2601 659 2683 aliquarum
691 2601 875 2665 litterarum
906 2601 1042 2683 obentu,
1076 2602 1104 2665 si
1128 2621 1191 2682 que
1223 2607 1299 2664 sunt
1321 2601 1372 2664 vel

90 2705 212 2771 luerint
236 2706 411 2788 contrarie,
442 2706 559 2771 harum
582 2713 694 2772 tencre
717 2709 833 2789 tacito,
864 2709 1053 2791 impetrate,
1081 2707 1254 2791 prescripti
1282 2728 1371 2771 man-

91 2813 155 2876 dati
181 2813 330 2877 executio
355 2811 533 2877 differatur.

91 3029 178 3095 320.
205 3031 370 3090 Abscede
398 3030 450 3089 ΙΙΙ
479 3031 634 3092 &moram
671 3034 837 3109 episcopam
868 3032 1043 3090 Melitensem
1070 3031 1198 3107 praeitor
1233 3031 1371 3106 increpet,

202 3133 280 3213 qeeod
301 3137 442 3196 mandate
464 3140 623 3214 apostolico
649 3146 836 3199 contemneres
864 3145 1014 3198 ementem
1040 3137 1215 3196 succentoris
1232 3137 1372 3211 machere·

202 3243 281 3317 dam,
305 3263 364 3320 que
386 3241 491 3304 Hercei
514 3247 650 3305 manniri
677 3247 835 3305 dimidiam
864 3246 1007 3321 integrare
1029 3244 1179 3316 debuisset,
1202 3242 1267 3318 filio
1289 3241 1371 3300 nobi-

203 3350 241 3408 lis
263 3350 322 3408 ciri
349 3351 383 3409 G.
413 3351 447 3410 de
473 3353 638 3411 Choareuse
665 3353 830 3426 donaverit·
853 3371 944 3428 quarm
971 3348 1303 3410 matemautensem
1326 3347 1372 3406 de-

203 3457 331 3516 nuntiet.
379 3457 596 3535 Praescriptom
618 3459 777 3518 dimidiam
799 3459 920 3516 nomiae
943 3455 1047 3516 Hercei
1069 3455 1197 3515 obseratis
1219 3454 1323 3514 Retico
1347 3459 1373 3512 et
1442 3515 1445 3522 ,

208 3562 341 3622 Gaidoai
362 3564 405 3622 uel
427 3583 531 3624 mrim
554 3565 637 3624 elteri
659 3565 809 3641 assignari
830 3564 915 3623 iubet.

407 3682 475 3754 Reg.
495 3683 576 3739 Alex.
598 3684 696 3755 fragm.
716 3701 758 3754 ep.
780 3682 962 3750 18,1.1.f01.
983 3683 1054 3737 11312.
1146 3680 1149 3684 ’

180 3822 340 3888 Meldensi
364 3825 542 3909 episcopo.1
586 3825 637 3890 Ex
660 3826 726 3908 his,
757 3847 819 3908 que
844 3826 938 3890 dete
961 3826 994 3888 in
1017 3823 1134 3889 minori
1158 3822 1263 3888 officio
1287 3823 1371 3886 dice·
1391 3829 1525 3889 1180111.

96 3928 221 4012 bantur,
246 3930 400 3995 credibile
418 3931 600 4016 videbatur,
629 3932 726 4014 quod,
747 3933 774 3996 si
795 3933 836 3997 ad
855 3933 980 3996 maiora
999 3930 1241 4011 conscenderes,
1261 3929 1372 3993 taliter

97 4041 125 4099 te
146 4036 302 4117 haberes,
335 4041 372 4100 ut
395 4043 428 4102 et
451 4038 524 4102 aliis
547 4021 712 4121 prestares
741 4033 871 4101 virtutis
904 4037 1087 4119 exemplum
1115 4037 1204 4100 etin
1228 4041 1370 4100 extremo

98 4143 240 4207 examine
262 4164 374 4225 posses
398 4143 534 4226 gloriam
558 4150 739 4227 expectare.
781 4142 925 4208 Vocatus
949 4149 1058 4207 autem
1082 4143 1123 4207 ad
1147 4143 1371 4226 episcopatum

98 4240 204 4331 itate,
230 4249 316 4331 quod
340 4248 484 4315 dolentes
510 4250 660 4333 dicimus,
685 4251 780 4333 geris,
805 4256 851 4332 ut,
876 4271 939 4332 que
962 4250 1052 4332 prius
1075 4249 1214 4331 feceras,
1239 4248 1369 4313 videan·
1445 4263 1446 4268 ’

99 4359 147 4418 tur
168 4377 232 4426 uon
256 4354 296 4420 de
318 4356 451 4438 virtute,
481 4357 537 4422 scd
567 4357 606 4421 de
630 4357 835 4421 simulatione
858 4357 966 4439 potius
995 4357 1202 4440 processisse.
1248 4355 1288 4419 In
1318 4354 1369 4418 his

101 4481 185 4543 sane,
218 4483 281 4544 que
308 4483 366 4545 per
393 4468 426 4528 te
449 4463 555 4547 ipsum
578 4463 717 4527 libenter
741 4462 875 4528 deberes
900 4462 1040 4544 efficere,
1074 4462 1172 4526 durus
1201 4463 1313 4527 existis
1337 4467 1370 4524 et

183 4640 193 4670 ¹
211 4639 326 4694 Simoni.
339 4693 341 4698 .
