3296 5178
252 284 292 346 72
646 298 819 353 Pasonlms
837 311 862 352 11
880 309 1048 353 nrrsrcnrn
1067 299 1118 352 146

120 457 204 517 1114
246 463 331 522 runt.
377 457 458 522 Oum
476 457 536 522 has
555 479 685 541 quoque
703 458 815 523 literas
835 457 938 523 Casae
956 458 1019 522 Dei
1042 457 1192 523 monachi
1210 457 1310 522 falsas
1330 465 1527 541 assererent,

90 546 163 606 Νῦν·
176 547 227 607 27·
246 565 451 629 Anianenses
475 570 587 630 contra
611 565 653 628 ad
675 565 898 630 iustificandos
921 564 1130 630 iureiurando
1155 587 1188 630 se
1212 571 1344 649 paratos
1372 566 1527 630 exhibue-

247 677 331 736 runt.
369 670 519 736 Ceterum
542 670 697 736 fratribus
721 673 852 754 nostris
877 673 933 756 qui
955 672 1124 737 nobiscum
1151 673 1353 756 intempore
1377 673 1527 755 aderant,

246 779 458 861 incongruum
482 786 515 845 et
546 781 678 864 plenum
705 779 905 863 praeiudicio
932 780 1037 843 risum
1063 783 1121 860 est,
1145 783 1183 842 ut
1206 779 1320 860 sigillis
1344 781 1441 844 certis
1465 781 1526 844 im-

246 907 379 970 pressae
402 886 517 951 literae
550 888 622 951 aliis
656 887 796 952 debeant
827 885 1076 969 probationibus
1104 883 1291 968 certificari,
1325 908 1397 951 cum
1425 888 1527 952 etiam

129 1067 132 1080 Ι
246 994 280 1057 in
302 993 492 1076 pontificum
516 993 664 1076 decretis
688 995 923 1059 transmarinos
951 992 1097 1058 homines
1124 991 1159 1055 in
1187 991 1375 1057 clericatum
1404 995 1527 1079 suscipi

247 1122 320 1164 cum
349 1101 573 1184 episcoporum
602 1101 835 1184 chirographis,
859 1101 1076 1184 permittatur.
1129 1097 1183 1164 Sic
1210 1099 1309 1181 igitur
1331 1101 1449 1167 iterato
1477 1102 1526 1165 iu-

248 1207 331 1273 dicio
356 1212 513 1271 statutum
537 1213 596 1289 est,
621 1214 658 1272 ut
675 1207 854 1272 Aniauensi
877 1207 1074 1272 monasterio
1099 1205 1181 1269 cella
1203 1206 1317 1270 eadem
1342 1206 1381 1270 de
1399 1207 1527 1273 Gorda-

247 1314 319 1378 nico
344 1314 454 1395 quieta
471 1336 597 1398 semper
617 1321 649 1380 et
666 1317 794 1398 integra
813 1337 886 1378 cum
904 1314 1063 1378 universis
1084 1312 1151 1375 suis
1170 1313 1431 1395 possessionibus
1450 1335 1527 1380 con-

248 1425 407 1500 servetur3
432 1420 598 1486 monachis
621 1443 696 1488 vero
716 1421 819 1486 Oasae
837 1421 900 1486 Dei
923 1425 1115 1504 perpetuum
1139 1440 1236 1502 super
1259 1419 1372 1484 eodem
1395 1421 1527 1503 negotio

248 1528 413 1592 silentium
436 1533 486 1592 est
504 1528 671 1594 indictum.
709 1527 776 1594 Nos
794 1529 915 1610 itaque,
937 1527 1024 1593 omni
1039 1520 1107 1590 iam
1127 1527 1269 1610 seposito
1287 1527 1446 1591 velamine
1465 1527 1526 1592 fal-

248 1635 354 1698 sitatis
379 1640 411 1698 et
434 1634 604 1700 manifeste
627 1657 685 1719 per
708 1635 770 1699 Dei
797 1635 936 1718 gratiam
960 1634 1106 1698 iustitiae
1138 1633 1275 1698 veritate
1303 1639 1432 1717 aperta,
1455 1639 1527 1698 tam

248 1741 482 1825 episcoporum,
507 1742 562 1825 qui
589 1741 760 1807 Valentiae
790 1742 957 1824 negotium
988 1746 1224 1822 tractaverunt,
1257 1762 1355 1823 quam
1388 1741 1527 1805 fratrum

247 1837 432 1914 nostrorum
456 1849 680 1932 episcoporum
703 1871 761 1913 seu
784 1847 1008 1930 cardinalium,
1039 1847 1095 1932 qui
1117 1846 1290 1913 Lateranis
1319 1869 1452 1912 causam
1475 1870 1526 1912 re-

247 1960 478 2037 tractaverunt,
503 1955 657 2020 iudicium
682 1954 923 2036 confirmantes,
955 1960 1086 2020 nostrae
1114 1954 1528 2020 auctoritatis'assertione

248 2062 494 2128 corroboramus
518 2068 551 2126 et
574 2062 772 2146 sepedictam
798 2061 915 2126 cellam
938 2061 978 2125 de
1002 2059 1186 2126 Gordanico
1210 2065 1378 2143 tamquam
1401 2061 1527 2144 priora-

183 2159 192 2174 ’
246 2175 316 2233 tum
340 2170 373 2233 in
397 2170 605 2253 ¹possessione
633 2189 672 2233 ac
700 2169 898 2233 subiectione
925 2166 1121 2232 Anianensis
1150 2169 1338 2232 monasterii
1369 2174 1527 2252 perpetuo

246 2297 436 2360 permanere
451 2276 623 2360 sancimus,
644 2275 731 2340 omni
746 2274 896 2358 deinceps
915 2274 1146 2340 monachorum
1158 2272 1261 2338 Oasae
1275 2274 1338 2338 Dei
1353 2275 1526 2358 calumnia,

247 2385 416 2467 questione
444 2389 477 2448 et
500 2382 754 2448 contradictione
783 2383 935 2465 seposita.
982 2380 1105 2446 Datum
1127 2381 1284 2445 Laterani
1307 2402 1365 2465 per
1393 2404 1526 2446 manum

246 2490 401 2556 Iohannis
425 2489 456 2555 S.
481 2490 521 2554 R.
546 2489 584 2553 Ε.
614 2489 742 2554 diaconi
769 2487 943 2553 cardinalis
973 2510 1011 2552 ac
1038 2488 1278 2553 bibliothecarii
1301 2487 1331 2553 V
1358 2487 1526 2552 Kalendas

246 2597 447 2678 Decembris,
472 2596 648 2660 indictione
667 2594 761 2678 VIII,
785 2596 1019 2660 incarnationis
1039 2595 1218 2660 dominicae
1245 2617 1329 2661 anno
1348 2595 1525 2678 MCXIIII,

247 2703 454 2787 pontificatus
479 2708 588 2768 autem
612 2702 720 2768 domni
743 2701 912 2766 Paschalis
937 2701 1070 2766 secundi
1093 2723 1198 2786 papae
1222 2725 1306 2768 auno
1329 2701 1421 2768 XVI.

246 3008 330 3074 146.
359 3011 512 3070 Pusobole's
535 3009 571 3068 II
592 3010 746 3083 humberto
779 3012 909 3087 episcopo
936 3009 1119 3068 Atrebatensi
1149 3011 1250 3070 0010010
1280 3030 1314 3069 uc
1341 3011 1412 3070 0001
1443 3011 1528 3087 hropi

357 3117 532 3176 diuisionem
551 3117 658 3175 iterum
676 3118 832 3178 0000011111
864 3116 1111 3176 0100010000οα
1135 3117 1335 3208 1010010010οε
1356 3119 1386 3178 S.
1412 3119 1527 3178 Vedasti

358 3225 522 3284 0101001003
545 3225 744 3283 Atrebatenses
767 3224 883 3283 taudem
907 3223 1085 3283 terminetur.

393 3343 465 3398 Bibl.
485 3349 542 3398 nat.
561 3342 647 3397 Paris.
667 3343 761 3397 Chart.
779 3342 905 3398 Atrebat.
925 3361 945 3398 s.
961 3357 1031 3396 xm.
1051 3361 1102 3398 ms.
1121 3344 1169 3398 lat.
1189 3344 1325 3400 9930f01.
1344 3346 1383 3400 9¹³.

336 3504 504 3569 Paschalis
525 3505 693 3587 episcopus
713 3525 823 3568 servus
843 3525 1009 3570 servorum
1024 3503 1087 3568 Dei
1106 3505 1284 3570 venerabili
1303 3505 1397 3570 fratri
1415 3505 1525 3600 111010-

248 3613 353 3698 berto)
376 3611 587 3676 Atrebatensi
616 3611 766 3694 episcopo
795 3611 933 3676 salutem
962 3617 994 3676 et
1020 3611 1233 3695 apostolicam
1256 3612 1524 3680 benedictionem.

248 3718 378 3783 Veteris
393 3741 430 3783 ac
444 3719 626 3800 noviburgi
643 3718 842 3800 divisionem,
863 3719 947 3782 sicut
961 3718 1170 3784 sollicitudini
1184 3725 1260 3784 tuae
1277 3723 1494 3787 commisimus
1503 3728 1525 3806 1,

248 3827 296 3891 ita
319 3827 418 3890 etiam
444 3826 585 3910 repetita
613 3825 841 3908 praeceptione
869 3825 1108 3889 committimus.
1156 3825 1299 3891 Abbati2
1322 3847 1397 3893 vero
1421 3830 1526 3893 sancti

247 3932 384 3999 Vedasti
397 3933 622 4016 praesentibus
638 3932 767 4014 scriptis
782 3931 1011 4015 praecipimus,
1027 3936 1065 3994 ut
1079 3931 1269 3997 divisionem
1283 3955 1342 4017 per
1355 3939 1388 3998 te
1404 3935 1526 4000 discus-

248 4063 317 4106 sam
342 4041 471 4105 omnino
495 4039 660 4123 suscipiat.
703 4036 816 4120 Neque
845 4038 930 4103 enim
959 4038 1164 4121 aliquatenus
1194 4039 1233 4103 de
1257 4046 1316 4105 tua
1339 4042 1525 4106 sinceritate

140 4190 145 4217 ,
248 4146 434 4229 diffidimus,
460 4146 589 4230 quando
613 4145 767 4210 terminos
791 4145 875 4227 illos,
900 4151 1023 4228 quanta
1046 4145 1190 4229 potueris
1214 4148 1365 4230 veritate,
1395 4150 1525 4233 perqui-

247 4276 311 4319 ras.
358 4254 461 4320 Porro
489 4252 649 4336 siquidem
676 4253 908 4336 primitiarum,
939 4252 1137 4318 decimarum
1166 4259 1198 4318 et
1226 4255 1406 4319 solennium
1436 4256 1526 4321 obla·

247 4362 382 4444 tionum,
408 4382 491 4444 quae
515 4361 548 4424 in
572 4366 664 4424 carta
690 4360 802 4424 iudicii
830 4361 1065 4425 determinatae
1089 4365 1179 4442 sunt,
1211 4361 1316 4443 quod*
1340 4362 1381 4427 ab
1406 4362 1526 4427 abbate

269 4535 273 4539 ⁴
336 4550 349 4573 ⁸
366 4543 432 4604 quod
452 4545 544 4591 addidi.

340 4647 346 4674 ¹
367 4645 409 4698 Of.
428 4645 501 4700 Jaffe
519 4646 587 4715 Reg.
606 4645 648 4700 ed.
668 4644 753 4716 princ.
774 4645 852 4700 4750.
927 4644 1133 4701 2AutA101d0
1153 4652 1203 4701 aut
1221 4647 1350 4702 Hemico.
