3296 5178
275 326 311 370 VI
811 319 997 373 Parmenio,

361 480 507 545 Ineditas
531 485 640 544 autem
663 439 736 543 illas
760 478 920 562 appellavi
944 477 1108 560 epistolas,
1133 478 1211 561 quia
1234 483 1310 542 sunt
1333 483 1390 542 aut
1408 480 1552 544 ineditae

274 610 331 669 aut
353 610 439 669 certe
462 605 606 686 ignotae;
639 625 777 686 quarum
809 603 836 666 si
869 623 967 666 unam
999 602 1050 666 vel
1079 602 1217 667 alteram
1249 603 1334 684 typis
1363 603 1552 668 mandatam

273 730 338 793 iam
371 750 441 794 esse
473 729 643 809 inveneris,
675 728 802 791 veniam
829 727 920 809 mihi,
953 727 1106 792 beue'vole
1134 726 1250 808 lector,
1284 727 1351 791 noli
1375 727 1550 810 denegare;

273 873 384 916 omues
408 853 493 917 enim
517 873 627 916 sumus
647 852 748 917 errori
767 851 915 933 subiecti,
940 873 978 916 ac
1001 851 1096 916 testis
1120 856 1170 915 est
1193 835 1242 935 ep.
1266 854 1339 934 137,
1365 874 1462 935 quam
1485 854 1551 917 iam
1631 819 1632 902 l

273 977 307 1040 iu
330 976 497 1042 Analectis
520 975 606 1041 Iuris
629 974 794 1042 Pontificii
816 975 859 1041 X.
885 981 949 1042 565
974 981 1156 1042 exstantem
1179 996 1251 1040 sero
1276 976 1483 1060 deprehendi.

361 1099 541 1165 Iucundum
564 1106 667 1165 restat
694 1100 849 1184 officium,
879 1107 916 1166 ut
944 1102 1021 1166 viris
1044 1101 1124 1183 illis,
1158 1102 1213 1184 qui
1237 1101 1323 1167 sacto
1353 1102 1551 1184 consilioque

272 1225 306 1287 iu
333 1223 528 1308 perficiendo
558 1248 654 1311 opere
681 1248 732 1291 me
759 1229 922 1310 iuverunt,
954 1249 993 1292 ex
1015 1227 1129 1291 intimo
1153 1227 1261 1291 animo
1291 1227 1413 1308 gratias
1445 1249 1549 1310 agam.
1632 1253 1633 1284 r

273 1349 404 1413 Etenim
426 1348 466 1414 V.
491 1349 570 1415 Exc.
602 1372 648 1416 nn
667 1352 834 1434 Gessnnn,
867 1354 953 1435 regis
976 1352 1142 1418 Borussici
1173 1352 1336 1432 minister,
1371 1352 1427 1434 qui
1455 1351 1550 1416 rebus
1632 1355 1633 1360 ’

274 1475 374 1538 sacris
399 1479 432 1538 et
458 1475 627 1540 litterariis
654 1483 793 1560 praeest,
828 1485 951 1561 septem
974 1498 1101 1541 menses
1124 1475 1261 1540 Parisiis
1290 1475 1426 1558 degendi
1450 1475 1550 1540 facul-

272 1604 374 1663 tatem
398 1600 539 1663 maxima
562 1599 856 1666 liberalitatemihi
875 1603 1044 1668 concessit.
1083 1599 1256 1666 Guoaerus
1273 1599 1393 1665 Wrrrz
1417 1601 1550 1683 eiusque
1633 1667 1634 1670 ,

274 1723 353 1787 socii
383 1723 417 1785 in
449 1721 582 1788 edendis
615 1723 809 1792 Germaniae
839 1727 1057 1794 Monumentis
1090 1725 1311 1809 apographum
1351 1726 1548 1791 collectionis

272 1847 481 1911 Britannicae
511 1847 649 1930 benigne
681 1850 760 1914 mihi
792 1852 1018 1934 permiserunt.
1073 1850 1113 1914 R.
1143 1849 1270 1915 Susura
1300 1851 1428 1932 roganti
1458 1850 1546 1932 mihi,
1633 1823 1634 1830 ¹

273 1979 311 2037 ut
339 1972 440 2036 codex
463 1971 738 2056 Cantabrigiensis
762 1974 950 2041 Berolinum
981 1976 1181 2056 mitteretur,
1214 1974 1428 2039 libentissime
1459 1973 1550 2040 obse-

273 2101 369 2175 cutus
398 2101 457 2160 est.
509 2090 686 2162 Numerum
724 2099 935 2183 epistolarum
974 2105 1135 2166 auxerunt
1173 2098 1371 2164 Lucronnus
1402 2099 1551 2163 Dnnrsuu
1634 2139 1635 2178 3

271 2220 467 2285 Parisiensis
500 2227 534 2285 et
564 2221 702 2286 Maccus
732 2224 879 2289 Manena
911 2209 1125 2291 Monacensis
1172 2222 1212 2286 In
1245 2224 1443 2307 corrigendis
1475 2245 1550 2287 vero
1634 2203 1635 2210 ¹

273 2345 418 2428 epistolis
441 2343 615 2411 Hsuarcns
637 2346 812 2412 Baussuuu
841 2354 874 2413 ct
896 2347 1059 2413 Iosnrrrus
1082 2345 1345 2432 Lurnsannenn,
1370 2341 1444 2411 cum
1466 2348 1551 2412 vale-

273 2469 394 2535 tudinis
428 2490 527 2534 causa
558 2471 757 2535 bibliotheca
788 2470 991 2536 Berolinensi
1023 2471 1087 2535 frui
1115 2469 1194 2533 mihi
1225 2493 1290 2535 non
1323 2471 1453 2551 liceret,
1486 2448 1552 2552 qua

273 2571 348 2660 sunt
371 2613 449 2675 erga
472 2616 523 2659 me
547 2595 700 2678 amicitia,
726 2596 882 2660 auxilium
904 2600 1074 2679 praestare
1097 2615 1162 2660 non
1186 2593 1425 2660 dubitaverunt.
