3296 5178
281 268 320 330 74
391 349 394 355 1
640 288 812 343 Paeonium
830 302 855 343 11
873 301 1040 343 nPIsromn
1059 291 1119 345 149.
1140 291 1191 346 150

278 446 362 513 149.
390 450 543 510 Poscbotis
565 453 602 511 ΙΙ
618 453 1096 531 fratribnsMoioeis-nonostcrii
1118 456 1223 515 asserit
1245 457 1392 516 eccbsiom
1419 459 1449 518 S.
1473 459 1559 516 Mor-

390 556 448 614 tini
469 557 506 616 de.
521 558 607 632 Velie,
631 561 667 618 ob
685 560 772 619 loono
794 561 924 637 episcopo
944 561 1116 621 Oonwtensi
1134 563 1173 621 od
1188 563 1363 638 petitionem
1380 565 1487 624 Aietoe
1509 584 1559 623 co-

388 663 522 724 mitissae
537 665 663 742 *einsqnc
684 667 819 743 filioram
835 687 893 743 pro
916 668 1021 727 oreiam
1046 668 1186 744 Stephani
1208 669 1325 728 comitis
1347 670 1391 729 cis
1413 671 1559 730 atnam.

526 784 596 840 Bibl.
616 791 674 841 nat.
694 785 780 841 Paris.
799 804 850 842 ms.
869 787 918 842 lat
939 788 1025 844 12776
1044 806 1066 843 s.
1086 801 1157 844 xv11
1174 788 1222 843 fol.
1242 789 1302 844 235.

367 943 535 1009 Paschalis
573 947 742 1030 episcopus
780 969 891 1012 servus
929 969 1092 1013 servorum
1129 948 1191 1013 Dei
1228 948 1384 1013 fratribus
1420 949 1558 1014 Maioris

277 1051 466 1115 monasterii
491 1053 628 1117 salutem
652 1059 685 1118 et
703 1054 915 1137 apostolicam
934 1055 1201 1120 benedictionem.
1241 1054 1348 1121 Officii
1370 1057 1473 1122 nostri
1496 1079 1558 1121 nos

277 1156 427 1221 hortatur
455 1158 650 1242 authoritaS,
683 1183 742 1244 pro
770 1161 993 1226 ecclesiarum
1012 1167 1100 1226 statu
1133 1162 1288 1228 sollicitos
1312 1183 1383 1228 csse
1411 1170 1444 1228 et
1471 1185 1558 1246 quae

277 1269 364 1328 recte
384 1269 508 1329 statuta
531 1272 607 1330 sunt
635 1267 790 1332 stabilire.
833 1267 951 1332 Frater
971 1269 1130 1351 siquidem
1149 1275 1258 1333 noster
1276 1268 1333 1334 Ivc
1347 1269 1558 1336 Carnotensis

278 1371 447 1454 episcopus
471 1372 641 1437 ecclesiam
665 1373 695 1438 b.
720 1375 854 1439 Martini
878 1375 917 1439 de
937 1374 1031 1440 Valle
1055 1380 1162 1441 vestro
1186 1375 1324 1440 contulit
1346 1379 1557 1458 monasterio,

277 1478 467 1560 rogantibus
500 1484 533 1543 et
556 1479 795 1546 conferentibus
818 1481 923 1546 Adela
951 1482 1117 1547 comitissa
1145 1487 1177 1546 et
1201 1483 1269 1546 eius
1292 1483 1368 1547 filiis
1393 1483 1558 1549 Guilelmo

278 1591 311 1650 et
333 1584 521 1650 Theobaldo
549 1608 607 1669 pro
636 1588 745 1675 anima
773 1589 877 1653 bonae
901 1588 1076 1654 memoriae
1105 1589 1231 1654 comitis
1255 1588 1425 1673 Stephani;
1458 1612 1559 1672 quam

277 1691 428 1756 nimirum
448 1693 592 1776 episcopi
611 1695 850 1762 concessionem
874 1700 907 1759 et
930 1716 1042 1759 eorum
1065 1695 1218 1761 comitum
1242 1695 1448 1778 oblationem,
1473 1698 1561 1762 sicut

278 1798 457 1863 abeodem
489 1798 589 1864 fratre
623 1806 732 1867 nostro
756 1801 855 1868 Itone
883 1785 1074 1867 carnotensi
1107 1802 1257 1886 episcopo
1289 1804 1395 1885 rogati
1426 1803 1558 1886 fuimus,

278 1906 400 1971 decreti
423 1906 603 1990 praesentis
627 1908 747 1990 pagiua
769 1907 1007 1991 confirmamus,
1035 1914 1072 1972 ut
1095 1908 1209 1973 eadem
1236 1910 1325 1974 beati
1348 1908 1482 1974 Martini
1505 1931 1557 1975 ec·
1588 1955 1591 1958 -

278 2013 377 2077 clesia
401 2035 529 2097 semper
551 2035 624 2078 cum
648 2014 796 2079 omnibus
820 2015 917 2080 rebus
946 2014 988 2080 ad
1019 2035 1090 2080 eam
1113 2015 1351 2099 pertinentibus
1374 2016 1407 2079 in
1430 2036 1557 2100 posses·

278 2120 367 2184 sicne
401 2121 590 2185 monasterii
622 2121 722 2184 vestri
754 2127 957 2204 permaneat,
992 2122 1105 2187 abbati
1133 2128 1242 2187 autem
1270 2129 1377 2186 vestro
1401 2143 1480 2187 cura
1503 2124 1556 2204 sit,
1631 2151 1637 2162 ·

279 2227 367 2291 salvo
391 2225 599 2319 Oarnotensis
628 2227 770 2311 episcopi
797 2227 867 2292 iure
895 2229 1064 2308 canonico,
1094 2228 1283 2312 disciplinae
1305 2229 1465 2312 regularis
1489 2234 1557 2293 stu-

278 2333 367 2396 dium
392 2332 548 2398 fratribus
571 2333 639 2398 illic
662 2333 888 2398 habitantibus
912 2333 1074 2399 exhibere.

266 2653 363 2740 150.
391 2674 544 2734 Pambotis
567 2675 604 2733 ΙΙ
629 2676 715 2735 Iconi
745 2676 879 2752 episcopo
907 2676 1080 2736 Oornotnnsi
1110 2678 1246 2752 marmot,
1279 2685 1313 2738 nt
1346 2679 1499 2738 Ursioneni
1532 2685 1558 2738 et

385 2787 502 2857 petrem
524 2782 589 2841 eins
611 2783 792 2856 Nomionem,
816 2783 990 2842 monasterii
1018 2783 1241 2843 Vindocinensis
1268 2785 1480 2862 malefactores,
1509 2805 1558 2844 on-

390 2889 583 2948 eoninnnnicet
610 2895 636 2947 et
653 2889 688 2948 in
707 2889 791 2949 tonis
808 2909 910 2948 omnen
928 2890 1031 2949 dioino
1052 2890 1213 2964 interdicat,
1241 2890 1329 2950 donec
1356 2891 1557 2967 satisfecerint.

537 3008 609 3063 nisi.
627 3013 684 3064 nae
703 2991 790 3064 ntes.
809 3026 860 3064 ms.
879 3009 928 3065 rai.
949 3010 1035 3064 rane
1055 3027 1077 3064 s.
1096 3023 1166 3065 xvn
1184 3009 1231 3064 f01.
1251 3011 1293 3065 33.

104 3165 259 3225 1102-15
368 3169 537 3233 Paschalis
561 3170 730 3253 episcopus
755 3191 865 3234 servus
893 3190 1058 3235 servorum
1081 3170 1144 3235 Dei
1166 3169 1277 3235 Inoni⁸
1300 3171 1451 3254 episcopo
1478 3154 1582 3234 Car-¹

113 3255 201 3314 ΜΨ·
214 3256 242 3314 4·
279 3275 416 3341 notensi.
445 3275 657 3340 Dilectissimi
676 3274 734 3339 filii
754 3277 856 3340 nostri
873 3275 1311 3362 G(aufredi)Vindocinensis
1330 3276 1460 3342 abbatis
1479 3298 1558 3359 que-

279 3383 381 3447 relam
401 3383 584 3466 accepimus
603 3403 701 3465 super
719 3381 857 3447 Ursione
881 3389 914 3448 et
932 3383 1104 3467 Nenenene,
1128 3389 1222 3468 patre
1240 3384 1353 3468 ipsius,
1379 3383 1435 3466 qui
1453 3384 1559 3448 multa

280 3489 398 3554 damna
421 3489 617 3555 monasterio
645 3489 793 3556 intulere.
833 3489 905 3572 Qua
928 3491 962 3554 in
985 3511 1020 3556 re
1044 3512 1141 3574 super
1162 3491 1295 3556 levitate
1318 3495 1427 3556 vestra
1456 3490 1558 3573 pluri·

279 3618 366 3660 mum
400 3596 600 3661 admiramur
631 3601 664 3660 et
696 3596 894 3661 admirantes
927 3597 1102 3680 afficimur,
1140 3598 1227 3681 quod
1260 3617 1371 3663 eorum
1406 3597 1558 3680 rapinam

280 3703 417 3768 nedumb
445 3703 543 3784 digua
571 3702 849 3769 animadversione
876 3705 1107 3788 corripueritis.
1154 3703 1249 3788 Ipsos
1277 3705 1363 3768 enim
1390 3709 1423 3768 et
1446 3725 1558 3769 omnes

280 3809 505 3874 malefactores
528 3807 782 3874 Vindociuenses
806 3810 993 3875 aRomana
1017 3810 1153 3876 ecclesia
1183 3811 1477 3876 excommunicatos
1500 3833 1557 3876 no-

279 3916 399 3980 veritis,
446 3915 539 3981 Unde
562 3917 788 3999 praesentibus
816 3916 934 3982 litteris
958 3917 1049 3982 vobis
1081 3918 1308 4001 praecipimus,
1334 3922 1383 3998 ut,
1413 3917 1500 4000 quod
1524 3918 1557 3980 in

278 4024 366 4106 ipsos
386 4023 427 4087 ab
448 4023 626 4106 apostolica
645 4021 767 4086 factum
791 4023 866 4088 sede
885 4024 1039 4106 noscitur,
1058 4023 1209 4089 indicetis
1227 4023 1422 4108 primatibus
1447 4029 1557 4088 terrae
1635 4047 1639 4064 ·

279 4135 406 4194 vestrae
431 4135 463 4194 et
486 4130 624 4212 populis,
658 4134 690 4192 et
714 4150 768 4196 eos
792 4131 891 4195 etiam
914 4151 954 4195 ex
981 4135 1090 4195 vestra
1113 4137 1206 4214 parte
1230 4131 1557 4196 excommunicationi

281 4237 430 4302 subiicite
454 4242 487 4301 et
509 4236 658 4300 interris
678 4257 789 4301 eorum
808 4236 917 4301 divina
941 4236 1047 4303 officia
1070 4237 1265 4320 interdicite,
1289 4237 1362 4302 loca
1381 4237 1489 4318 etiam,
1514 4238 1557 4302 ad

281 4363 504 4427 quaecumque
521 4343 676 4424 venerint,
701 4342 857 4425 quamdiu
875 4343 942 4407 illic
960 4343 1091 4426 fuerint,
1111 4366 1131 4408 a
1150 4343 1265 4409 divinis
1285 4343 1399 4410 officiis
1423 4365 1556 4427 suspen-

281 4451 410 4532 dantur,
435 4449 536 4516 donec
558 4450 622 4533 ipsi
646 4449 741 4533 digne
764 4449 968 4516 satisfaciant
990 4457 1024 4515 et
1046 4451 1158 4516 ablata
1185 4451 1372 4516 restituant.
1417 4450 1453 4516 Si
1479 4472 1556 4516 vero

370 4635 382 4662 ⁸
399 4630 506 4682 Iohanni
525 4649 545 4682 o.
618 4626 631 4659 ¹³
641 4633 749 4697 sortasse
767 4633 927 4694 coemendam
944 4641 977 4681 eat
994 4632 1101 4681 necdum
1119 4635 1156 4682 acl
1172 4633 1292 4682 nondum.
