3296 5178
520 309 651 363 Parnon
669 323 681 363 1
699 322 867 364 urrsronsn
885 310 927 364 27.
956 309 990 364 28
1338 295 1378 357 15

97 469 157 533 sed
183 469 274 534 aliud
297 490 372 534 eum
399 490 512 535 cavere
541 470 686 534 districte
709 467 854 551 fecimus,
880 472 1001 535 nectim
1028 471 1128 534 etiam
1151 475 1184 535 et
1207 468 1378 535 Catanien-
1399 473 1551 548 sossept.

97 597 168 640 sem
194 579 391 659 episcopum.
1424 563 1525 621 ‘560-

190 683 284 747 Item.
315 681 488 748 Faciamus
512 690 549 748 ut
567 706 633 749 non
651 683 791 766 amplius
811 682 850 747 de
869 681 1049 765 parrochiis
1072 683 1139 746 suis
1163 704 1261 765 quam
1285 681 1378 748 binos

96 789 222 855 solidos
246 811 370 856 annuos
394 789 454 854 sub
478 789 625 873 qualibet
648 791 817 856 occasione
839 794 1007 872 presumat
1029 790 1185 872 accipere.

94 1041 155 1108 27.
193 1043 330 1118 Pelagius
351 1043 518 1102 ΙΙοΙιαηηιΙ
551 1045 653 1103 comiti
684 1044 792 1118 scribit,
825 1061 885 1101 sese
914 1043 953 1101 ud
977 1061 1076 1118 preces
1103 1043 1167 1101 cius
1193 1043 1377 1102 schisnrotr'co

188 1151 316 1224 cuidam,
339 1151 374 1208 ia
396 1150 525 1210 malasiam
551 1150 704 1209 catholicoe
725 1150 870 1208 unitatem
896 1149 1036 1223 redeunti,
1060 1150 1177 1208 uaniora
1198 1150 1376 1225 praebuisse.

188 1257 278 1316 Addit
300 1257 334 1315 dc
355 1257 550 1316 schismaticis
576 1258 668 1316 triam
690 1257 886 1333 capitulorum
908 1255 1130 1333 defemoribus}

445 1376 514 1431 0011.
534 1377 602 1431 Brit.
622 1376 680 1431 Pel.
699 1394 742 1448 ep.
761 1377 803 1443 25,
822 1377 841 1431 l.
860 1377 879 1430 1.
899 1375 945 1431 fol.
965 1375 1021 1430 28¹³.

187 1516 325 1582 Iohanni
343 1520 462 1583 comiti.
501 1517 656 1601 Quamvis
676 1520 732 1601 is·,
757 1520 813 1602 qui
826 1518 1003 1599 reducitur,
1023 1539 1149 1582 errasse
1164 1539 1198 1582 se
1215 1517 1373 1582 hactenus
1394 1531 1456 1588 558
1468 1531 1547 1607 Sept.

91 1624 208 1706 aliqua
232 1625 428 1707 suscipiendi
447 1624 637 1690 difficultate
660 1648 720 1709 pro
744 1625 954 1690 ecclesiastici
978 1645 1114 1688 censura
1137 1624 1257 1707 vigoris
1280 1626 1374 1690 intel·
1418 1622 1519 1680 -560·

90 1730 197 1813 ligere
221 1731 395 1814 debuisset,
419 1737 528 1797 tamen
552 1733 629 1814 quia
652 1732 694 1796 ab
712 1732 769 1798 illo
787 1732 940 1798 reductus
960 1737 1019 1812 est,
1047 1733 1099 1794 oui
1118 1736 1151 1795 et
1172 1754 1231 1815 pro
1255 1730 1375 1797 affectu

90 1837 248 1902 karitatis
273 1843 305 1902 et
323 1861 382 1921 pro
401 1840 590 1904 excellentie
608 1838 729 1905 honore
747 1859 867 1920 negare
892 1839 992 1902 nichil
1008 1839 1207 1921 possumus,b
1231 1860 1374 1922 expanso

89 1944 248 2008 karitatis
272 1945 346 2009 sinu
368 1947 567 2029 suscepimus
592 1950 816 2027 revertentem,
841 1950 874 2009 et
897 1950 1019 2027 quanto
1042 1944 1182 2009 reditum
1207 1946 1275 2010 eius
1299 1968 1373 2029 par-

91 2051 227 2116 turierit
249 2052 489 2116 aecclesiastice
513 2053 621 2116 unitas
645 2053 746 2135 paciS,
771 2072 811 2116 ex
833 2053 906 2135 ipsa
928 2052 1019 2115 venie
1039 2050 1193 2116 effusione
1212 2059 1373 2118 monstra-

91 2179 178 2221 mus
225 2157 309 2222 Nam
333 2164 365 2221 et
388 2159 509 2241 suscipi
533 2180 607 2223 eum
630 2164 663 2222 et
685 2158 843 2223 catholice
873 2157 949 2222 fidei
977 2159 1192 2223 communioni
1221 2161 1374 2225 iussimus
1434 2239 1438 2246 1

91 2263 249 2343 adunari;
278 2266 355 2346 quia
383 2266 466 2330 sicut
494 2264 588 2331 docte
616 2266 839 2347 veraciterque
867 2265 1009 2346 dixistis,
1042 2265 1142 2328 nichil
1169 2265 1203 2328 in
1226 2266 1281 2330 illo
1306 2289 1373 2331 ma-

91 2371 181 2434 xime
204 2372 267 2434 nisi
280 2371 394 2436 solam
416 2393 436 2436 a
460 2393 494 2436 se
518 2372 708 2436 divisionem
735 2371 866 2436 dolebat
885 2372 1030 2436 ecclesia.
1068 2371 1194 2436 Eadem
1213 2373 1374 2455 siquidem

13 2473 17 2488 '
91 2476 176 2540 fides
200 2479 234 2541 in
258 2478 426 2560 symbolis,
460 2479 574 2543 eadem
598 2478 702 2543 forma
725 2479 759 2540 in
782 2478 988 2561 baptismatis
1012 2484 1226 2560 sacramento,
1260 2480 1374 2544 eadem

91 2587 127 2647 in
153 2583 307 2649 dominici
329 2587 474 2668 corporis
498 2586 742 2650 consecratione
765 2586 921 2649 misteria.
965 2584 1059 2667 Quod
1083 2587 1110 2648 si
1134 2590 1167 2650 et
1189 2587 1375 2668 ignorantia

91 2690 235 2755 faciente
259 2692 538 2758 scismathicorum
558 2703 684 2757 erroree
708 2691 833 2756 seducti
855 2693 888 2755 in
907 2693 1124 2775 capitulorum
1143 2693 1242 2756 trium
1267 2692 1373 2757 defen-

91 2799 186 2862 sione
210 2804 324 2862 contra
346 2797 444 2863 fidem
467 2821 560 2863 suam
588 2787 743 2862 videntur*
763 2799 942 2881 insurgere,
967 2805 999 2863 et
1027 2798 1067 2864 ob
1095 2798 1157 2863 hoo
1184 2800 1291 2882 ipsum
1315 2821 1373 2864 nos

91 2904 192 2968 aliter
215 2904 340 2986 aliquid
363 2904 481 2986 dehis,
506 2926 568 2988 que
588 2904 797 2988 prediximus,
822 2905 873 2968 vel
895 2906 929 2969 in
948 2904 1148 2970 confessione
1167 2905 1217 2970 vel
1240 2907 1274 2969 in
1299 2912 1375 2970 actu

91 3011 253 3093 suspicati
277 3017 352 3074 sunt
374 3011 537 3093 habuisse,
562 3034 621 3076 nos
645 3017 755 3074 tamen
775 3012 912 3075 scientes
932 3033 986 3077 eos
1006 3035 1069 3077 non
1088 3013 1219 3076 elimato
1243 3012 1373 3092 iudicio,

91 3117 152 3182 sed
176 3138 301 3199 errore,
334 3123 370 3182 ut
393 3118 515 3182 dictum
541 3124 604 3199 est,
638 3120 703 3182 ista
727 3119 880 3200 sensisse,
913 3118 1030 3184 hocin
1054 3120 1100 3183 eis
1123 3141 1241 3202 magno
1265 3140 1373 3202 opere,

91 3224 184 3306 quod
207 3245 292 3287 nunc
314 3225 348 3287 in
370 3225 433 3289 isto
458 3225 666 3308 correptumd
690 3232 749 3306 est,
774 3225 984 3307 culpavimus.

91 3495 157 3560 28.
189 3495 326 3571 Petreius
347 3495 369 3554 1
385 3496 420 3554 ia
442 3497 609 3572 episcopam
627 3497 773 3573 pecodum
791 3498 967 3557 celeumata
988 3498 1144 3571 invehitur,
1169 3497 1246 3572 qaod
1268 3516 1287 3554 o
1309 3516 1374 3556 sca-

188 3602 286 3660 teatit's
309 3602 459 3660 &umnec
481 3603 612 3661 ccclesiae
633 3605 802 3662 recesserita

429 3745 432 3750 ·
453 3722 523 3777 Coll.
543 3723 611 3777 Brit.
631 3723 688 3777 Pel.
707 3740 750 3794 ep.
770 3723 813 3790 26,
831 3723 849 3776 l.
868 3722 887 3776 1.
906 3723 953 3778 fol.
973 3725 1016 3778 29.

186 3863 325 3928 Iohanni
344 3865 471 3929 comiti⁰
489 3864 652 3947 Pelagius.
690 3865 824 3931 Adeone
838 3871 871 3930 te
885 3868 918 3929 in
934 3888 1058 3930 summo
1073 3865 1247 3931 sacerdotii
1270 3868 1375 3949 gradu
1396 3885 1457 3942 558
1468 3885 1547 3960 Sept,

94 3972 240 4053 positum
264 3970 421 4034 cathohoe
444 3969 558 4036 fefellit
581 3973 701 4037 veritas
725 3974 849 4054 matris,
874 3979 996 4036 utnon
1020 3974 1131 4036 statim
1156 3974 1375 4038 scismaticum
1420 3975 1521 4038 -,560.

94 4087 127 4142 te
152 4077 367 4160 conspiceres,
392 4099 465 4141 cum
488 4099 508 4141 a
532 4076 664 4142 sedibus
692 4080 878 4161 apostolicis
905 4078 1117 4144 recessisses?
1159 4080 1293 4145 Adeone
1318 4102 1373 4162 po·
1454 4062 1457 4070 ¹

95 4184 183 4266 pulis
208 4182 250 4248 ad
273 4183 505 4265 predicandum
523 4184 666 4267 positusr
690 4206 755 4250 non
773 4186 898 4267 legeras
923 4207 1020 4269 super
1043 4187 1262 4269 apostolorum
1285 4187 1374 4269 prin-

187 4370 200 4394 *
214 4367 284 4426 prisc
300 4364 353 4422 his;
371 4364 389 4412 h
408 4381 507 4412 aarum.
580 4360 593 4392 b
611 4380 731 4427 posumus
749 4384 769 4414 c.
843 4371 853 4394 ⁰
871 4370 904 4414 sic
922 4369 1000 4415 atiena
1016 4384 1098 4415 mama
1116 4370 1216 4416 cora-ech
1233 4381 1302 4414 more
1320 4369 1373 4416 cod.

97 4453 109 4484 ‘¹
127 4472 162 4502 aa
179 4455 335 4502 correctum?
411 4460 421 4483 θ
438 4455 565 4514 Inscriptio
584 4457 641 4501 haec
659 4458 707 4503 aaa
726 4457 795 4504 dubio
813 4465 939 4517 rumpam
948 4458 1056 4518 fortasse
1073 4455 1180 4504 Iohanni
1200 4455 1317 4518 episcopo
1335 4465 1376 4504 aut

96 4543 209 4592 Paulino
227 4541 384 4605 Aquileiensi
402 4544 520 4604 hyaidum
540 4552 573 4592 cet
592 4543 716 4607 (Bishop).
776 4539 786 4571 f
802 4543 889 4606 positis
907 4561 927 4592 c.

189 4645 260 4699 ¹01⁸.
278 4646 352 4700 Jaffe
370 4645 411 4700 ed.
431 4661 483 4700 sec.
503 4645 563 4699 997.
637 4645 707 4700 ²Cf.
727 4647 801 4701 Jaffe
819 4645 861 4700 ed.
881 4663 934 4701 sec.
954 4646 1015 4699 998.
