3336 5184
284 262 344 322 166
496 307 500 316 -
661 274 850 328 Annxnrnar
868 287 905 326 111
924 287 1091 328 amasonia
1110 227 1161 330 269

162 435 260 496 1178.
282 436 388 500 chiani
410 437 459 500 tui
482 435 700 518 possessiones
733 432 866 497 ecclesie
890 455 947 498 sue
979 440 1092 499 contra
1122 435 1285 499 iusticiam
1312 417 1463 501 invadere
1493 459 1560 502 non

91 541 93 545 ’
282 541 470 622 formidant,
506 541 582 623 quia
614 539 732 604 nobilis
759 541 808 602 vir
834 539 978 604 marchio
1002 541 1122 605 Montis
1150 540 1284 605 ferrati1
1310 543 1482 624 pecuniam
1510 545 1560 607 eis

283 648 426 713 debitam
449 670 512 713 non
538 646 701 730 persolvit.
747 645 841 710 Unde
874 637 1026 729 queniam
1058 668 1232 728 gravamen
1264 647 1381 730 prefati
1413 649 1560 732 episcopi

283 753 400 818 clausis
423 754 571 821 nolumus
595 751 696 817 oculis
714 754 922 835 pertransire,
947 774 1042 834 quem
1061 775 1118 817 sue
1136 753 1301 836 religionis
1321 759 1354 819 et
1377 754 1559 820 devotionis

221 857 224 862 ’
282 860 417 926 obtentu
444 861 569 924 sincera
601 860 633 922 in
656 859 796 923 Domino
825 860 961 923 caritate
990 859 1166 942 diligimus,
1199 859 1398 924 fraternitati
1420 867 1475 925 tue
1499 883 1560 945 per

283 965 461 1048 apostolica
484 967 605 1048 scripta
634 965 839 1045 mandamus,
865 966 1026 1047 quatinus
1058 966 1289 1048 parrochianos
1321 972 1394 1031 tuos
1424 990 1560 1033 moneas

232 1131 233 1134 ,
284 1072 467 1154 diligentius
491 1077 524 1136 et
545 1071 690 1152 inducas,
714 1077 751 1135 ut
773 1073 993 1154 possessiones
1016 1072 1133 1154 prefati
1154 1073 1296 1155 episcopi
1315 1093 1354 1136 ex
1376 1073 1436 1137 tali
1458 1095 1560 1139 causa

282 1179 410 1242 invasas
441 1179 616 1243 restituant
647 1184 681 1241 et
712 1178 793 1242 alias
826 1179 865 1242 de
896 1183 1003 1243 cetero
1034 1201 1098 1243 non
1125 1184 1291 1262 usurpent.
1346 1178 1496 1245 Ceterum
1530 1183 1559 1246 si

283 1285 413 1348 monitis
436 1285 500 1348 tuis
524 1285 730 1366 acquiescere
753 1284 835 1349 forte
854 1286 1115 1367 contempserint,
1142 1307 1197 1350 eos
1221 1286 1309 1350 omni
1331 1287 1438 1368 gratia
1462 1292 1495 1350 et
1517 1288 1559 1350 ti-

283 1411 371 1456 more
394 1391 588 1474 postposito,
613 1390 867 1454 contradictione
890 1412 1017 1473 quoque
1045 1398 1078 1455 et
1101 1393 1319 1475 appellatione
1341 1398 1466 1456 remota
1489 1393 1559 1454 vin-

284 1497 355 1562 culo
379 1497 718 1562 excommunicationis
741 1498 903 1579 astringas
923 1497 1078 1577 attentius
1100 1500 1298 1581 provisurus,
1322 1498 1408 1580 quod
1432 1519 1560 1563 excom-

284 1603 510 1668 municationis
535 1603 727 1667 sententiam
760 1603 883 1684 absque
916 1603 1135 1669 satisfactione
1163 1625 1304 1687 congrua
1333 1627 1398 1669 non
1420 1605 1559 1669 relaxes.

814 1804 1026 1811 ——-.

285 1962 373 2028 289.
397 1963 559 2022 Alacccdcr
581 1963 633 2021 ΙΙΙ
649 1963 755 2039 fratres
777 1963 1013 2022 Fadiliroaeascs
1036 1965 1068 2022 da
1090 1965 1224 2038 tutantia,
1248 1983 1323 2040 quos
1350 1983 1369 2022 c
1391 1964 1562 2023 consulibua

395 2069 570 2128 Mantuanis
586 2070 752 2144 potiantur,
776 2069 949 2128 coarctatur.
991 2069 1081 2146 Opem
1094 2071 1254 2146 pollicetar.
1292 2071 1382 2130 Addit
1400 2071 1432 2129 da
1455 2071 1562 2129 litteris

396 2176 468 2240 sais,
492 2175 531 2233 ud
561 2175 727 2251 episcopam
748 2176 950 2234 Moatuaaam
981 2183 1148 2236 atrociores
1170 2177 1379 2250 Lombcrdice,
1411 2177 1562 2236 Mareotae

396 2289 422 2342 et
444 2281 607 2341 Rcmuaicc
629 2283 740 2340 missis.

391 2401 459 2472 Reg.
478 2401 559 2455 Alex.
578 2399 675 2471 fragm.
694 2418 736 2471 ep.
756 2402 799 2468 54,
816 2401 846 2455 in
865 2401 925 2456 cod.
943 2401 1452 2474 Ooll.T1initat.Oantabrig.R.9.17.

807 2508 828 2544 s.
847 2489 960 2545 x11sol.
981 2491 1040 2546 125.

173 2636 266 2696 1178,
374 2613 527 2694 Abbati2,
561 2614 662 2696 priori
699 2619 731 2677 et
770 2615 910 2698 capitulo
948 2616 1053 2680 sancti
1085 2615 1254 2680 Benedicti
1293 2637 1390 2700 super
1421 2614 1560 2678 Padum.

288 2719 391 2802 Super
412 2718 677 2784 tribulationibus
706 2727 738 2783 et
760 2721 916 2802 adversis,
951 2743 1013 2804 que
1041 2744 1061 2787 a
1088 2722 1273 2788 consulibus
1296 2721 1500 2786 Mantuanis*
1529 2727 1564 2785 et
1655 2767 1656 2776 ἢ

288 2827 360 2890 aliis
383 2826 643 2909 persecutoribus
673 2827 849 2910 sustinetis,
873 2834 1008 2911 paterno
1031 2826 1121 2892 vobis
1146 2827 1264 2892 affectu
1291 2827 1504 2910 compatimur
1528 2833 1564 2891 et

287 2931 329 2996 ad
351 2932 624 2997 manutenendum
647 2933 794 2997 iusticias
823 2940 963 3014 vestraS,
997 2940 1154 3016 quantum
1182 2955 1254 2998 cum
1277 2933 1348 2999 Deo
1371 2933 1561 3016 poterimus,

287 3038 442 3102 auxilium
465 3038 555 3103 vobis
578 3038 817 3122 praestabimus
841 3045 873 3104 et
895 3039 1047 3104 favorem.
1085 3040 1278 3104 Mandamus
1302 3045 1410 3104 autem
1433 3040 1563 3103 univer-

287 3146 376 3209 sitati
394 3151 500 3209 vestre
519 3146 674 3209 attentius
695 3149 727 3209 et
744 3145 920 3226 hortamur,
941 3167 981 3210 ne
1004 3147 1037 3209 in
1056 3145 1322 3211 tribulationibus
1337 3146 1416 3228 ipsis
1432 3144 1563 3209 deficia—
1655 3197 1656 3200 η

286 3253 340 3332 tis,
364 3251 421 3315 sed
435 3251 530 3333 digne
544 3251 717 3315 ambuletis
736 3253 913 3334 vocatione,
934 3274 998 3335 qua
1015 3253 1122 3317 vocati
1142 3253 1229 3334 estis,
1250 3274 1322 3316 cum
1347 3252 1433 3316 omni
1455 3252 1562 3314 humi-

286 3358 379 3422 litate
412 3363 445 3422 et
475 3357 721 3422 mansuetudine
754 3358 981 3442 subportantes
1005 3359 1142 3423 invicem
1170 3361 1203 3422 in
1227 3359 1377 3439 caritate,
1412 3358 1562 3438 scientes,
1655 3341 1656 3406 7

288 3465 374 3547 quod
392 3465 560 3530 tribulatio
579 3464 771 3547 patientiam
790 3470 951 3547 operatur,
975 3465 1134 3548 patientia
1152 3463 1386 3548 probationem,
1410 3463 1563 3547 probatio

289 3591 388 3653 spem,
413 3591 475 3653 que
497 3592 561 3635 non
585 3569 767 3649 confundit3
792 3571 820 3635 si
838 3577 946 3636 tamen
965 3572 1085 3635 caritas
1104 3571 1167 3636 Dei
1190 3570 1307 3634 diffusa
1330 3571 1435 3636 estin
1459 3569 1565 3634 cordi·
1655 3623 1656 3634 .

288 3675 348 3739 bus
371 3677 487 3740 vestris
519 3698 576 3759 per
608 3677 759 3758 spiritum
790 3684 951 3759 sanctum,
984 3678 1040 3759 qui
1070 3677 1165 3742 datus
1193 3683 1243 3741 est
1264 3676 1370 3757 vobis,
1403 3697 1564 3741 memores

289 3788 392 3847 estote
407 3782 496 3846 verbi
510 3782 708 3866 prophetici:
733 3789 854 3865 Propter
871 3791 955 3848 cerba
972 3789 1118 3848 laborum
1136 3765 1418 3865 tuoruminquitb,
1442 3805 1490 3862 epo
1513 3805 1565 3845 cu-
1655 3819 1656 3822 =

289 3895 394 3953 stadici
424 3895 489 3952 aas
521 3894 637 3953 derasa
690 3889 843 3955 Tractate
874 3890 1043 3955 nobiscum
1075 3890 1114 3954 de
1146 3888 1356 3955 tribulatione
1388 3887 1566 3951 utilitatem

291 3996 451 4080 duplicem
474 3996 726 4079 procedentem.c
770 3995 899 4060 Dantur
929 3997 1014 4060 enim
1045 3995 1174 4078 flagella
1204 3995 1246 4060 ad
1273 3996 1429 4059 virtutum
1456 3999 1565 4058 custo-

291 4104 378 4168 diam
401 4109 434 4168 et
456 4103 573 4168 merita
595 4124 654 4186 per
676 4103 867 4185 patientiam
886 4107 1146 4185 augmentantur.
1182 4101 1377 4166 Accessistis
1401 4099 1443 4165 ad
1467 4100 1566 4164 servi-

291 4216 393 4275 tutem
420 4211 483 4275 Dei
516 4215 549 4274 et
579 4211 614 4274 in
644 4208 760 4273 habitu
791 4210 970 4274 monastico
1003 4209 1145 4290 elegistis
1176 4208 1317 4273 Domino
1348 4206 1565 4271 militandum.

292 4316 382 4389 State
405 4318 515 4399 itaque
538 4317 572 4380 in
595 4316 725 4380 iusticia
757 4320 790 4378 et
820 4315 937 4379 timore
965 4314 1008 4378 ad
1036 4315 1265 4396 temptationes
1290 4314 1415 4378 animas
1439 4318 1566 4376 vestras
1655 4317 1656 4408 ,

380 4496 550 4547 ‘Mantuani
568 4516 588 4546 c.
660 4491 780 4557 binquid
799 4513 819 4543 c.
891 4499 984 4546 ‘locare
1001 4499 1049 4544 cirre
1067 4497 1136 4544 dnbio
1155 4504 1277 4556 compara
1293 4503 1334 4543 ast.

381 4599 573 4656 ¹Willelmus.
648 4598 815 4654 'Raineric
890 4598 1020 4654 ³Psalm.
1041 4600 1082 4666 16,
1101 4599 1126 4652 4.
