3284 5184
513 307 602 361 Lucu
620 319 658 359 111
676 319 843 361 amasonia
862 309 914 362 357
1150 293 1153 302 '
1284 292 1347 354 215

75 488 148 532 vero
171 467 212 531 de
234 464 391 547 Waltria,
425 466 503 547 quia
533 487 630 549 super
657 465 842 531 defensione
865 468 1048 533 litterarum
1076 469 1206 532 illarum
1229 466 1528 531 cautio-1182-83

75 595 146 638 nem
169 578 337 656 praestare
366 572 511 653 nolebat,
546 571 588 637 ad
612 572 721 636 sedem
750 575 962 656 apostolicam
991 575 1186 658 appellante,
1219 573 1352 637 tandem
1386 555 1508 614 Mam·

75 687 210 762 utraque
238 701 314 762 pars
342 700 401 761 per
428 680 563 744 nuncios
587 701 662 744 suos
687 701 760 743 cum
783 680 901 744 litteris
928 682 1169 764 praedictorum
1196 680 1352 746 abbatum

76 793 106 851 et
127 787 246 870 prioris
270 791 302 850 et
326 806 399 849 cum
422 784 555 864 litteris,
589 806 673 867 quae
706 787 766 850 sub
799 789 928 852 nomine
959 788 1218 871 praedecessoris
1250 787 1354 851 nostri

75 893 202 957 fumant
220 893 394 973 exhibitae,
420 891 598 974 apostolico
617 895 806 975 conspectui
825 915 859 958 se
878 896 1123 978 representavit.
1158 894 1225 959 Nos
1245 899 1353 958 autem

75 999 190 1064 litteris
214 1001 294 1083 ipsis
318 997 437 1062 auditis
461 1018 516 1062 eas
540 997 721 1062 falsitatas¹¹
754 1002 967 1083 comperimus
1000 1008 1033 1066 et
1065 1001 1104 1066 de
1128 1001 1262 1067 consilio
1289 1000 1353 1065 fra-

75 1113 158 1170 trum
191 1111 377 1172 nostrorum
408 1104 633 1187 redarguimus
666 1105 830 1171 falsitatis.
877 1108 1070 1172 Mandamus
1099 1109 1210 1190 itaque
1233 1107 1352 1171 discre-

75 1214 153 1278 tioni
166 1218 295 1277 vestrae
312 1218 410 1294 atque
426 1211 654 1295 praecipimus,
679 1218 839 1294 quatenus
859 1215 915 1296 qui
932 1215 1059 1278 litteras
1082 1215 1172 1298 ipsas
1196 1213 1352 1294 exhibuit,

12 1405 13 1412 ἵ
76 1321 101 1383 si
131 1321 304 1385 convenire
336 1317 522 1402 potueritis,
558 1319 753 1384 auctoritate
785 1325 897 1385 nostra
930 1320 971 1385 ab
1005 1319 1111 1385 officio
1144 1320 1352 1403 deponentes,

12 1483 14 1500 ‚
76 1425 329 1491 contradictione
362 1431 394 1488 et
427 1424 644 1507 appellatione
668 1431 830 1506 cessante,
857 1426 892 1489 in
915 1428 1025 1509 aliquo
1048 1427 1246 1492 monasterio
1270 1427 1354 1490 sicut

75 1533 243 1597 falsarium
265 1531 443 1595 retrudatis
474 1537 506 1595 et
532 1531 688 1596 ulteriusb
710 1532 756 1596 ibi
780 1531 908 1597 faciatis
937 1534 1171 1616 paenitentiam
1195 1554 1290 1615 agere
1314 1532 1354 1596 de

76 1639 264 1704 commissis.
311 1637 521 1702 Praedictum
543 1659 619 1702 vero
647 1637 800 1703 abbatem
824 1639 863 1704 de
886 1639 1047 1722 Wartria,
1078 1641 1141 1704 nisi
1169 1662 1277 1705 coram
1300 1661 1354 1703 vo·

75 1746 120 1810 bis
143 1744 374 1830 purgationem
398 1765 471 1808 cum
495 1745 609 1826 quinta
631 1766 731 1808 manu
762 1747 978 1828 praestiterit,
1012 1746 1099 1828 quod
1127 1747 1267 1810 scienter
1288 1746 1353 1809 illis

75 1852 162 1916 falsis
187 1874 253 1918 non
276 1850 374 1915 i'uerit
395 1851 513 1916 litteris
537 1872 630 1932 usus,
664 1850 795 1916 sublata
827 1853 1045 1935 appellatione
1073 1853 1115 1917 ab
1148 1852 1354 1917 administra-

75 1960 158 2024 tione
183 1959 374 2023 monasterii
393 1958 600 2041 suspendatis
619 1963 661 2038 et,
683 1957 785 2023 donec
804 1960 931 2023 veniam
951 1960 1037 2043 apud
1051 1960 1234 2024 Romanam
1253 1979 1289 2022 ec
1308 1959 1354 2022 le-

76 2067 153 2129 siam
190 2071 420 2147 consequatur,
455 2085 646 2147 suspensum
678 2063 807 2128 faciatis
839 2065 969 2146 haberi3
1006 2066 1212 2149 postmodum
1245 2072 1354 2129 autem

77 2173 246 2238 canonicos
265 2173 434 2253 utriusque
454 2170 610 2234 ecclesiae
629 2192 726 2253 super
744 2172 810 2235 iam
830 2172 917 2236 dicta
932 2173 1014 2237 cella
1025 2223 1032 2237 .
1045 2222 1053 2236 .
1066 2222 1072 2237 .
1085 2183 1111 2237 .⁰
1130 2195 1196 2254 vos,
1217 2193 1354 2254 quorum

75 2279 230 2343 iudicium
261 2278 370 2341 nuncii
393 2279 536 2360 partium
558 2277 815 2360 postulaverunt,
846 2300 979 2343 causam
1002 2280 1188 2362 diligentius
1212 2278 1353 2343 audiatis

78 2392 106 2448 et
136 2387 209 2449 sine
240 2384 449 2448 frustratoria
481 2384 637 2448 dilatione
670 2390 702 2447 et
733 2406 946 2466 personarum
976 2386 1163 2468 acceptione
1190 2384 1354 2448 mediante

76 2492 201 2555 iustitia
228 2490 418 2554 terminetis
467 2489 501 2555 Si
525 2491 597 2573 quis
620 2511 696 2554 vero
721 2490 947 2574 appellaverit,
980 2514 1037 2557 vos
1065 2492 1273 2556 nihilominus
1297 2512 1353 2573 ap·

78 2598 250 2680 pellatione
283 2602 430 2660 cessante
466 2597 631 2679 recipiatis
659 2602 775 2679 testes,
814 2605 847 2662 et
879 2601 935 2680 qui
967 2599 1058 2664 vobis
1090 2598 1210 2663 fuerint
1246 2596 1354 2661 idonei

77 2704 285 2787 praesentati,
317 2723 428 2767 eorum
450 2703 631 2768 iuratorum
662 2703 880 2786 depositiones
904 2706 1080 2771 studiosius
1114 2704 1353 2770 conscribentes

78 2810 263 2892 praefigatis
292 2809 441 2892 partibus
461 2811 635 2873 terminum
659 2816 910 2893 competentem,
936 2835 999 2894 quo
1028 2835 1100 2877 cum
1119 2812 1198 2895 ipsis
1218 2815 1353 2874 attesta-

78 2918 217 2982 tionibus
241 2917 357 2980 vestris
382 2915 496 2998 sigillis
521 2917 657 2998 signatis
688 2918 867 3000 apostolico
892 2919 1078 3001 conspectui
1102 2939 1137 2982 se
1165 2937 1353 2999 repraesen-

78 3029 157 3105 tent,
191 3022 291 3086 nullis
320 3022 439 3086 litteris
468 3022 690 3104 obstantibus,
724 3024 752 3086 si
775 3045 874 3106 quae,
897 3025 1000 3088 tacita
1026 3023 1251 3089 commissione
1278 3023 1353 3102 ista,

80 3129 116 3192 ab
135 3128 318 3213 apostolica
337 3129 413 3193 sede
437 3128 558 3192 fuerint
580 3129 785 3211 impetratae.
829 3129 979 3194 Ceterum
1003 3132 1030 3194 si
1053 3130 1103 3194 his
1128 3129 1276 3194 omnibus
1301 3148 1355 3191 ex-

82 3235 252 3317 sequendis
279 3236 490 3317 nequiveritis
513 3237 682 3317 interesse,
716 3236 779 3301 duo
811 3242 955 3301 vestrum
982 3236 1191 3301 nihilominus
1220 3256 1258 3300 ea
1282 3255 1354 3299 exe-

82 3349 230 3422 quantur.
277 3342 400 3406 Datum
423 3341 579 3406 Velletri⁰l
598 3341 627 3406 V
645 3342 724 3407 Idus
743 3344 832 3408 Maii.

82 3681 159 3750 357.
184 3685 300 3743 meaos
322 3684 374 3743 ΙΙΙ
391 3685 498 3760 fratres
524 3685 554 3745 S.
574 3685 714 3744 Walarv'ci
736 3687 879 3759 hortator,
903 3694 936 3746 ul
955 3687 1036 3745 Petri
1059 3688 1208 3762 quotidem
1232 3684 1357 3760 episcopi

191 3791 350 3850 Tusculani
372 3791 614 3850 onvaicersarc'aoe
636 3793 714 3851 diem
737 3793 880 3852 celebrent.
933 3793 1043 3868 chiralc‘
1065 3812 1182 3851 marcas
1205 3792 1240 3850 ab
1264 3810 1296 3850 co
1319 3792 1356 3849 le-

184 3905 270 3973 patos
293 3898 457 3957 testamenti
480 3905 641 3956 executores
664 3899 932 3974 cisossr'prcatoros
955 3919 1016 3958 esse
1038 3899 1144 3958 scribit.

201 4016 272 4071 Bibl.
291 4022 349 4071 nat.
367 4016 454 4070 Paris.
474 4033 525 4070 ms.
544 4016 592 4070 lat.
613 4019 639 4086 1)
660 4018 755 4072 12704.
779 4018 825 4072 fol.
848 4019 911 4085 161;
940 4019 966 4087 2)
987 4018 1081 4072 12701.
1106 4017 1152 4072 fol.
1173 4019 1232 4070 171.

582 4105 712 4160 manibus
732 4124 752 4160 s.
772 4120 850 4161 XVII.

163 4248 285 4312 Lucius
310 4248 479 4331 episcopus
504 4269 615 4312 servus
640 4268 805 4313 servorum
828 4250 890 4313 Dei
924 4248 1049 4312 dilectis
1079 4245 1153 4309 filiis
1183 4245 1295 4309 abbati
1324 4252 1356 4309 et
1394 4263 1477 4321 1183

83 4356 247 4419 conventui
275 4353 386 4419 Sancti
409 4353 566 4419 Walarici
601 4355 740 4419 salutem
773 4362 806 4419 et
838 4355 1049 4439 apostolicam
1086 4352 1353 4417 benedictionem.
1373 4353 1494 4410 1u1.24.

84 4455 156 4523 Cum
189 4462 293 4526 bonae
325 4461 500 4526 memoriae
530 4461 673 4546 P(etrus)
705 4462 868 4544 quondam
900 4460 1151 4526 Tusculanensis
1185 4458 1354 4540 episcopus

164 4645 175 4668 ²
194 4643 311 4692 falsitatis
330 4661 349 4692 c.
423 4637 436 4669 ¹²
455 4641 532 4690 altius
550 4660 570 4692 c.
643 4646 653 4670 ⁰
677 4645 758 4691 Verere
775 4661 835 4691 uncas
852 4646 961 4691 excidisse
978 4644 1074 4690 uidetur.
1151 4635 1313 4688 “Wellentn
1333 4658 1352 4689 c.
