3336 5184
308 273 369 334 178
691 283 882 338 damner
900 296 937 336 111
955 297 1123 339 nrrsronan
1142 285 1194 340 306

171 449 253 510 1179
304 447 502 532 prebendam
525 446 695 527 integram,
719 445 862 526 recipere
891 444 1098 527 aliquatenus
1126 447 1342 528 temptarctis.
1388 448 1591 532 Accepimus

140 539 285 601 Maiiun.
305 560 424 634 autem,
448 550 646 635 prebendam
669 550 817 632 Hugcnis
842 550 881 614 de
905 549 1056 616 Oratorio
1080 573 1183 634 nuper
1212 533 1393 635 vacavisse,
1427 577 1527 637 quam
1557 558 1593 621 ei

305 660 506 745 precepimus
534 679 592 740 per
620 658 806 740 episcopum
834 662 1008 738 vestrum1,
1032 679 1097 722 non
1124 659 1275 723 obstante
1304 662 1510 727 concessione
1535 664 1594 728 vel

306 767 479 832 donatione
503 765 600 828 alicui
623 763 721 846 facta,
746 762 893 829 conferri.
940 763 1166 828 Verecondum
1194 764 1326 847 quidem
1356 766 1449 841 nobis
1474 768 1592 836 admo-

306 876 383 939 dum
407 878 440 938 et
462 871 634 937 molestum
667 870 790 945 existit,
823 875 861 933 ut
892 869 1082 934 mandatum
1115 871 1331 953 apostolicum
1362 877 1430 936 tam
1458 879 1593 938 rectum

306 979 415 1045 debito
437 980 574 1042 ulterius
597 977 743 1060 privetur
766 975 892 1041 effectu.
938 975 1082 1059 Ideoque
1113 977 1240 1059 prefato
1269 978 1420 1060 episcopo
1447 980 1481 1043 in
1509 980 1593 1046 obe·

307 1088 426 1151 dientie
449 1086 569 1148 virtute
591 1084 798 1166 precipimus,
811 1089 859 1146 ,ut
882 1083 913 1146 ei
935 1083 1149 1165 prescriptam
1172 1083 1386 1166 prebendam,
1417 1088 1593 1152 occasione

307 1191 561 1258 contradictione
585 1195 618 1254 et
640 1188 858 1272 appellatione
885 1196 1020 1270 remota,
1049 1189 1194 1254 conferat
1217 1196 1251 1254 et
1273 1191 1427 1272 assignet.
1472 1192 1594 1275 ipsum

307 1320 436 1383 quoque
467 1318 526 1380 per
558 1295 774 1360 venerabilem
803 1295 937 1360 fratrem
969 1300 1115 1360 nostrum
1142 1295 1339 1361 Remensem
1371 1297 1592 1382 archiepisco-

306 1411 413 1490 pum2,
439 1409 549 1468 sancte
573 1401 692 1466 Sabine
716 1401 929 1482 cardinalem,
958 1402 1135 1484 apostolice
1159 1402 1245 1467 sedis
1268 1404 1412 1485 legatum
1419 1454 1427 1486 ,
1457 1405 1486 1468 si
1509 1426 1592 1488 apo-

307 1513 456 1578 stolicum
480 1509 596 1592 exequi
623 1507 813 1582 mandatum
837 1508 992 1590 omiserit,
1017 1531 1037 1573 a
1060 1509 1233 1574 donatione
1252 1509 1492 1592 prebendarum
1516 1533 1592 1576 sus-

306 1619 404 1702 pendi
434 1617 597 1697 iubemus,
631 1615 732 1680 donec
763 1614 850 1678 idem
881 1614 1067 1700 Io(hanues)
1101 1615 1299 1698 prebendam
1336 1615 1447 1698 fuerit,
1486 1639 1593 1700 quam

307 1725 457 1805 diximus,
482 1728 661 1787 assecutus.
708 1720 810 1786 Vobis
834 1727 944 1786 autem
967 1721 1001 1785 in
1024 1722 1143 1786 virtute
1163 1721 1346 1786 obedientie
1364 1722 1590 1806 prohibemus

305 1853 346 1896 ne
370 1850 577 1914 quemquam,
601 1833 778 1910 antequam
795 1827 986 1892 mandatum
1006 1829 1220 1910 apostolicum
1237 1829 1422 1911 impleatur,
1441 1832 1591 1913 recipere

306 1940 340 2003 in
363 1937 553 2002 canonicum
585 1933 636 1998 vel
668 1933 835 1999 donationi
862 1933 998 1998 alicuius
1029 1935 1192 2017 prebende
1220 1935 1379 1999 assentire
1409 1936 1470 2000 sub
1493 1958 1590 2002 occa·

307 2046 397 2110 sione
420 2043 531 2124 aliqua
548 2041 754 2124 presumatis.
792 2039 867 2103 Tibi
886 2051 1025 2123 quoque,
1050 2041 1096 2105 fili
1120 2041 1269 2122 decane⁸,
1294 2041 1355 2106 sub
1378 2063 1463 2125 pena
1485 2043 1591 2109 hono-

307 2153 352 2216 ris
376 2156 409 2216 et
431 2148 529 2215 officii
552 2147 784 2228 interdicimus,
817 2167 858 2210 ue
891 2147 1043 2230 cuiquam
1076 2147 1207 2211 stallum
1238 2147 1273 2210 in
1300 2147 1398 2212 choro
1428 2154 1592 2232 tanquam

307 2257 462 2325 canonico
484 2275 545 2338 per
564 2259 597 2318 te
620 2253 741 2317 audeas
766 2253 816 2316 vel
839 2252 939 2316 alium
963 2254 1140 2335 assignare.
1177 2251 1244 2318 Nos
1269 2254 1355 2318 enim
1379 2253 1592 2322 donationem

305 2364 358 2428 vel
380 2362 607 2444 receptionem,
631 2361 658 2423 si
682 2380 748 2442 qua
770 2364 821 2423 est
843 2358 894 2424 vel
912 2358 1012 2422 fuerit
1030 2364 1143 2424 contra
1161 2365 1350 2442 preceptum
1370 2362 1592 2444 apostolicum

307 2473 512 2551 attemptata,
536 2467 740 2547 auctoritate,
766 2487 831 2548 qua
853 2464 1027 2548 fungimur,
1053 2466 1255 2530 decernimus
1279 2488 1345 2531 non
1367 2472 1489 2534 tenere.

308 2809 399 2876 soe.
423 2809 586 2869 amabar
607 2807 773 2867 iliacae·
795 2807 930 2866 saaca
952 2808 1106 2867 arcerano
1125 2809 1333 2884 arnapam
1354 2811 1504 2885 oaorem
1528 2813 1590 2886 aa,
1656 2769 1657 2778 ι

418 2915 598 2990 incarnat,
622 2921 725 2973 ulman
747 2913 898 2972 aemma
916 2914 1126 2972 &doceantur
1149 2934 1190 2973 aa
1208 2915 1362 2973 monacbis
1379 2915 1592 2978 Alaeteaabaa

417 3041 523 3082 twinus
546 3021 693 3097 quoddam
715 3021 946 3086 adiudicandum
968 3020 1015 3078 sit.

414 3142 482 3212 Reg.
501 3140 581 3196 Alex.
600 3140 698 3211 fragm.
717 3156 759 3210 ep.
779 3140 822 3206 60,
841 3139 871 3192 in
890 3138 1478 3211 οοά.001].Ττί1111111.011111711ἱς.Β.9.17.

827 3245 848 3282 s.
867 3240 915 3281 x11
933 3227 980 3282 fol.
1000 3228 1060 3281 127.

194 3387 289 3446 1179.
396 3373 533 3438 Dilectis
561 3371 636 3436 filiis
665 3370 797 3434 abbati³
820 3369 975 3434 Beccensi
1004 3374 1037 3433 et
1063 3368 1230 3456 R(oberto)
1259 3370 1381 3437 decano
1409 3372 1589 3438 Rothoma-

309 3481 408 3564 gensi.
455 3479 648 3562 Recepimus
672 3475 837 3559 querelam
865 3476 974 3540 dilecti
1001 3475 1061 3539 filii
1083 3479 1187 3541 nostri
1210 3476 1248 3541 B.
1273 3477 1462 3543 Baiocensis
1492 3501 1589 3546 cauo-

308 3587 383 3668 nici,
408 3586 504 3668 quod,
528 3606 602 3648 cum
626 3583 762 3648 ecclesia
775 3582 964 3648 Baiocensis
979 3603 1103 3661 nemus,
1124 3583 1210 3665 quod
1224 3585 1259 3648 in
1276 3591 1405 3669 partem
1423 3585 1590 3668 prebende

308 3694 409 3777 ipsius
432 3692 472 3757 B.
501 3691 614 3755 cedere
643 3690 821 3772 debuisset,
856 3695 984 3753 centum
1016 3690 1108 3752 annis
1133 3690 1293 3755 continuis
1316 3693 1350 3755 in
1373 3713 1453 3775 pace
1477 3715 1590 3775 posse-

310 3799 403 3881 derit,
428 3799 551 3863 abbas4
574 3803 607 3861 et
629 3796 778 3861 monachi
802 3796 842 3860 de
864 3795 984 3859 Alneto
1007 3794 1094 3858 idem
1117 3816 1175 3878 per
1198 3819 1329 3876 manum
1353 3799 1471 3864 laicam
1495 3821 1590 3864 occu-

309 3913 423 3990 pantes
447 3909 624 3968 memorate
648 3903 783 3968 ecclesie
806 3902 941 3967 reddere
962 3902 1196 3966 contradicunt.
1235 3902 1395 3985 Quoniam
1419 3907 1519 3988 igitur
1542 3907 1589 3969 in-

308 4013 479 4078 honestum
503 4017 553 4074 est
575 4009 741 4076 monachis
765 4010 872 4073 aliena
897 4007 1041 4071 detinere
1059 4008 1189 4089 iniuste,
1214 4011 1270 4092 qui
1293 4013 1425 4095 propria
1448 4011 1590 4094 relique.

309 4126 395 4200 runt,
419 4117 626 4182 discretionib
648 4123 754 4180 vestre
777 4136 836 4199 per
859 4113 1039 4197 apostoliea
1062 4115 1183 4197 scripta
1206 4117 1409 4199 mandamus,
1435 4119 1590 4201 quatinus

309 4225 456 4309 partibus
480 4225 513 4288 in
532 4229 673 4287 vestram
696 4223 894 4306 presentiam
923 4221 1121 4302 convocatis,
1150 4222 1177 4285 si
1205 4222 1296 4287 robis
1319 4224 1367 4287 ita
1394 4224 1590 4304 constiterit,

398 4427 455 4472 ‘Si
470 4425 555 4485 compsi
567 4440 615 4485 pro
634 4425 720 4471 centor
738 4422 791 4470 cod.
864 4415 936 4467 bara
954 4419 1090 4479 dilectioni,
1109 4422 1134 4467 in
1152 4422 1204 4470 cod.
1224 4424 1283 4469 caim
1301 4431 1334 4470 eat
1352 4422 1376 4472 d.
1397 4437 1422 4470 v.

399 4525 590 4580 ¹Henricum.
665 4521 878 4578 ²Willelmum.
952 4521 1106 4593 ⁸Rogerio.
1189 4523 1414 4579 ⁴Christianus?
1433 4523 1496 4578 vide
1515 4523 1592 4579 Gall.

310 4614 412 4669 Christ.
430 4613 483 4668 XI.
502 4615 563 4667 443.
