3336 5184
469 303 661 354 Anaxxxom
680 311 717 352 111
735 311 903 353 ammonas
922 299 975 352 274
1104 319 1107 324 ·
1297 287 1360 348 157

78 461 185 526 nostri
217 460 374 543 pervenit,
408 459 504 543 quod,
538 481 612 522 cum
634 457 825 523 recolendae
848 423 1022 524 memoriae
1045 457 1163 524 Petrus
1196 455 1360 542 quondani
1398 461 1481 520 1178

78 567 343 631 Tarentasiensis
376 565 637 648 archiepiscopus
670 586 728 648 per
761 565 982 629 executionem
1014 565 1159 629 mandati
1186 567 1290 631 nostri
1318 567 1359 632 ad
1377 549 1434 609 1¹¹¹·
1448 549 1498 610 13·

77 695 193 738 eorum
206 673 439 737 monasterium
458 672 659 752 accessisset,
676 691 775 753 agens
793 671 827 734 in
847 672 999 735 extremis
1019 671 1188 754 disposuit,
1212 679 1249 737 ut
1268 673 1358 738 dum·

76 780 176 845 modo
199 780 291 844 locus
315 800 407 844 sacer
430 783 527 859 esset,
551 778 597 842 ibi
621 778 822 860 sepeliretur,
847 799 865 840 v
877 826 963 841 .....
973 795 975 800 ’
1003 799 1132 842 cursum
1155 779 1250 844 huius
1273 782 1361 845 vitae

76 886 197 951 finiret.
245 885 295 950 Eo
319 886 418 969 igitur
446 891 560 950 vocato
589 884 631 949 ad
653 884 827 949 Dominum
851 904 968 966 corpus
999 885 1087 948 eius·
1110 886 1201 950 iuxta
1224 886 1360 970 disposi-

76 995 202 1058 tionem
228 1014 320 1057 suam
351 995 385 1056 in
417 991 531 1057 eodem
553 990 750 1057 monasterio
773 990 904 1071 houore,
930 1012 993 1072 quo
1018 990 1135 1072 decuit,
1160 992 1361 1075 sepulturam

77 1100 217 1183 accepit.
250 1098 344 1164 Unde
363 1099 536 1181 quoniamb
553 1098 686 1179 dignum
705 1102 764 1178 est,
788 1102 825 1160 ut
842 1096 956 1161 domus
971 1101 1083 1161 tantae
1097 1098 1262 1180 religionis
1277 1101 1361 1164 tanti

76 1207 211 1289 patroni
234 1206 352 1288 iugiter
374 1205 559 1288 praesentia
582 1203 763 1286 gratuletur
786 1208 819 1266 et
842 1223 862 1266 a
884 1202 944 1266 tali
972 1203 1106 1286 collegio
1130 1206 1286 1287 exequiae
1313 1207 1360 1270 illi

76 1314 212 1378 debitae
235 1312 455 1395 impendatur,
489 1311 733 1375 universitatem
765 1315 906 1373 vestram
938 1330 997 1391 per
1029 1310 1211 1394 apostolica⁴
1239 1313 1361 1396 scripta

76 1441 248 1485 monemus
264 1418 419 1482 attentius
434 1423 466 1481 et
482 1416 686 1498 mandamus,
702 1415 856 1498 quatinus
871 1417 1105 1499 praescriptam
1120 1417 1251 1483 domum
1262 1419 1361 1483 divini

78 1528 201 1590 amoris
224 1525 345 1588 intuitu
369 1530 402 1587 et
421 1525 461 1588 ob
482 1523 672 1614 memoriam
691 1522 835 1586 eiusdem
858 1521 1093 1606 archiepiscopi
1117 1523 1266 1589 habeatis
1290 1547 1361 1609 spe-

79 1633 208 1696 cialiter
223 1631 480 1696 commendatam
496 1651 555 1694 neo
570 1650 668 1712 super
681 1609 907 1712 repetitionem
923 1631 1116 1712 praescripti
1131 1632 1274 1714 corporis
1289 1653 1361 1696 eam

79 1737 258 1821 aliquando
277 1737 420 1820 fatigetis
440 1737 491 1802 vel
516 1736 576 1801 ab⁰
599 1736 683 1818 aliis,
709 1740 865 1818 quantum
889 1735 922 1798 in
945 1735 1035 1800 vobis
1060 1742 1119 1817 est,
1143 1737 1362 1820 permittatisd

80 1846 287 1927 aliquatenus
310 1843 455 1924 fatigari,
491 1843 618 1924 scituri,
653 1842 739 1925 quod
762 1842 919 1925 injustum
943 1849 1005 1923 est,
1039 1849 1076 1907 ut
1099 1844 1167 1906 eius
1192 1843 1361 1926 dispositio

83 1951 289 2033 infringatur,
314 1951 369 2031 qui
392 1949 479 2032 apud
502 1949 740 2033 praescriptum
758 1949 990 2013 monasterium
1009 1948 1185 2032 hospitium
1210 1950 1272 2014 sihi
1296 1957 1360 2015 sta-

84 2059 147 2122 tuit
169 2055 441 2141 praeparandum,
466 2076 539 2118 cum
562 2054 661 2120 nichil
684 2057 736 2135 sit,
766 2055 852 2137 quod
880 2056 1018 2138 amplius
1041 2055 1225 2120 hominibus
1244 2056 1362 2122 debea-

84 2173 148 2246 tur,
173 2185 272 2246 quam
295 2169 332 2226 ut
354 2183 525 2245 supremae
549 2151 725 2226 voluntatis
748 2161 831 2225 liber
855 2162 898 2226 sit
921 2162 1024 2242 stilus,
1054 2168 1086 2226 et
1112 2161 1246 2239 licitum,
1275 2163 1362 2244 quod

85 2273 206 2335 iustum
231 2269 401 2334 arbitrium
424 2289 488 2334 nou
507 2267 636 2331 redibit.
683 2267 806 2331 Datum
828 2267 985 2332 Laterani
1009 2267 1062 2331 ΙΠ
1084 2267 1163 2332 Idus
1186 2266 1271 2332 Iulii.

86 2664 170 2730 274.
194 2665 357 2724 Alexander
379 2664 431 2723 III
443 2664 557 2723 Albcrto
581 2664 729 2739 quomdam
753 2664 964 2740 archiepiscopo
981 2664 1196 2740 Salzmrqeost,
1216 2684 1261 2742 cp.
1284 2665 1361 2724 sodis

198 2772 295 2847 tagulo,
318 2772 417 2830 viram
441 2770 586 2846 amodum
608 2770 798 2838 commendat,
822 2771 872 2829 eat
893 2771 1059 2830 iniunctam
1082 2771 1116 2829 oh
1139 2791 1270 2831 arcessas
1289 2791 1359 2848 poe-

196 2897 269 2937 num
286 2897 343 2956 pro
366 2877 441 2936 uitae
463 2877 527 2934 cius
548 2875 652 2934 merito
674 2875 802 2934 relaxari
823 2877 909 2952 capit.

192 2997 260 3070 Reg.
279 2997 360 3051 Alex.
378 2996 476 3068 fragm.
495 3013 539 3066 ep.
558 2995 602 3062 39,
620 2995 650 3049 in
668 2993 727 3049 cod.
741 2994 1201 3068 0011.T1initat.0antabrig.a.9.
1215 2999 1254 3051 17.

600 3101 620 3138 s.
639 3097 687 3137 xm
706 3082 753 3137 fol.
773 3084 845 3138 121¹).

176 3246 312 3312 Alberto
335 3244 497 3328 quondam
521 3242 749 3324 Salzburgensi
773 3243 1024 3326 archiepiscopo,
1056 3245 1254 3328 apostolicae
1278 3245 1363 3310 sedis
1384 3259 1477 3319 1178.

84 3355 222 3436 legato.1
265 3351 330 3417 Pro
361 3352 519 3415 varietate
549 3371 760 3432 personarum
785 3349 1041 3432 delinquentium
1064 3357 1097 3415 et
1119 3350 1243 3416 fervore
1274 3353 1363 3435 peni-

86 3459 186 3540 tendi,
210 3457 463 3523 satisfactionem
487 3456 663 3540 temperari
687 3461 720 3520 et
741 3456 866 3521 intendi
888 3457 987 3520 etiam
1016 3478 1155 3522 canones
1182 3459 1362 3524 voluerunt.
1445 3473 1447 3480 '

86 3566 188 3630 Recte
211 3565 331 3629 etenim
362 3564 446 3628 sicut
478 3563 635 3645 scriptum
667 3568 717 3626 est
746 3562 855 3626 valent
880 3569 1028 3646 pastores
1052 3564 1186 3629 ecclesie
1213 3566 1363 3648 mitigare

88 3673 135 3736 illi
158 3692 285 3754 penam,
310 3691 408 3753 quam
427 3671 555 3750 meruit,
582 3671 721 3752 quinon
740 3667 870 3733 eruhuit
889 3668 1035 3734 confiteri
1054 3670 1140 3752 quod
1159 3670 1244 3735 fecit.
1282 3671 1363 3734 Inde

90 3777 248 3860 estquod
275 3777 412 3841 latorem
444 3778 643 3860 presentium
674 3776 833 3840 veraciter
862 3776 945 3839 siout
973 3776 1133 3840 credimus
1165 3779 1361 3861 penitentem

91 3884 219 3950 caritati
241 3889 296 3948 tue
320 3884 559 3965 committimuS,
583 3905 642 3967 per
665 3882 845 3966 apostolica
873 3882 995 3964 scripta
1021 3883 1228 3963 mandantes,
1257 3883 1362 3965 quati·

91 4013 148 4054 nus
173 3989 349 4054 secundum
373 3989 459 4071 quod
486 3989 608 4053 iustum
638 3987 757 4052 videris
781 3993 814 4052 et
836 3987 934 4051 saluti
958 3989 1026 4051 eius
1050 3989 1178 4053 noveris
1201 3989 1361 4072 expedire,

91 4096 343 4162 satisfactionem
365 4118 424 4178 pro
448 4095 633 4159 excessibus
666 4095 732 4158 suis
755 4094 933 4157 iniunctam
961 4099 1121 4176 temperes
1149 4096 1217 4158 vice
1241 4100 1362 4176 nostra,

92 4210 247 4287 qnantum
270 4203 466 4268 conscientia
489 4208 546 4266 tua
570 4208 603 4266 et
626 4201 826 4266 conversatio
850 4199 920 4263 eius
944 4201 1084 4265 suaserit
1106 4201 1290 4283 temperari.

177 4425 190 4451 ⁸
208 4423 234 4468 et
251 4437 271 4469 c.
343 4415 407 4467 bria
424 4422 509 4481 empti
522 4436 567 4480 pro
586 4433 665 4480 quum
684 4419 736 4467 cod.
814 4415 875 4464 eab
894 4417 955 4463 deest
972 4419 998 4463 ia
1015 4419 1067 4466 cod.
1144 4412 1324 4479 dpermutatis
1341 4435 1361 4466 c.

179 4542 188 4571 ¹
216 4541 260 4595 De
286 4539 338 4595 hoc
365 4538 458 4594 confer
484 4538 557 4594 Jaffe
584 4538 651 4609 Reg.
679 4537 750 4592 8524
780 4542 809 4590 et
839 4536 945 4590 Reuter
977 4535 1076 4591 Gesch.
1109 4534 1281 4591 Alexanders
1305 4535 1361 4589 III.

94 4631 121 4684 T.
137 4629 196 4684 III.
215 4630 276 4683 315.
