3336 5184
316 295 379 357 124
712 307 880 362 Hamusnr
895 321 930 360 1v
953 319 1121 362 nrrsronrs
1140 307 1191 361 228

190 470 274 528 1156
315 470 365 552 pis
393 469 531 533 salutem
563 473 596 532 et
626 467 838 550 apostolicam
868 467 1134 532 benedictionem.
1181 466 1273 532 Sicut
1293 465 1433 532 filiorum
1463 474 1592 533 nostro·

169 561 255 620 Mari·
269 559 297 616 3·
316 597 388 639 rum
411 575 629 660 Mlanegaudi)
652 574 781 638 abbatis
805 578 838 636 et
856 573 1087 639 monachorum
1107 574 1283 638 aecclesiae
1303 575 1407 638 sancti
1420 575 1593 639 Michaelis

316 682 510 746 transmissa
532 702 635 764 nuper
658 680 699 745 ad
722 701 780 745 nos
800 681 1029 761 conquestione
1051 681 1212 762 pervenit,
1240 680 1358 745 nobilis
1382 682 1432 744 vir
1455 680 1592 746 Rainal-

314 788 374 852 dus
397 809 503 852 comes
527 777 568 852 de'
590 787 666 869 Bar,
694 788 809 852 timore
832 786 895 849 Dei
918 787 1097 869 postposito
1122 792 1154 850 et
1176 788 1357 851 reverentia
1380 808 1492 852 sacrae
1515 788 1592 852 reli-

313 894 416 976 gionis
440 894 577 975 abiecta,
601 895 648 957 ita
672 914 726 958 eos
750 893 957 976 persequitur
981 899 1014 957 et
1035 891 1181 980 infestat,
1212 898 1250 957 ut
1271 894 1324 956 vix
1347 894 1412 958 iam
1436 895 1481 958 eis
1510 916 1592 977 prae

313 1000 400 1064 illius
434 1005 466 1063 et
497 1000 710 1082 quorumdam
742 999 880 1064 aliorum
909 999 1132 1082 persecutione
1165 1000 1319 1092 supersit,
1343 1000 1428 1064 unde
1452 1000 1592 1085 simplex

313 1107 392 1190 ipsis
428 1107 535 1172 valeat
567 1106 720 1172 alimonia
752 1105 929 1188 pervenire.
968 1105 1068 1170 ¹Bona
1100 1105 1260 1187 siquidem
1288 1127 1399 1171 eorum
1430 1113 1498 1171 tam
1531 1129 1593 1190 per

313 1234 347 1276 se
371 1235 469 1295 quam
492 1234 550 1295 per
574 1213 746 1277 advocatos
771 1217 804 1276 et
825 1212 991 1276 ministros
1015 1233 1090 1276 suos
1115 1211 1254 1294 diripere
1278 1217 1311 1276 et
1334 1213 1480 1278 homines
1502 1215 1591 1297 ipso-

312 1340 384 1382 rum
420 1319 574 1383 indebitis
607 1318 828 1384 exactionibus
862 1323 895 1382 et
925 1317 1066 1399 angariis
1102 1339 1167 1382 non
1199 1317 1318 1382 desinit
1349 1340 1521 1402 agravare,
1557 1326 1591 1383 et

313 1446 385 1489 cum
409 1425 511 1490 felicis
540 1419 692 1491 memorie
722 1446 809 1508 papa
831 1423 996 1506 Eugenius
1025 1423 1234 1506 predecessor
1260 1432 1370 1491 noster
1393 1426 1591 1510 quibusdam

312 1537 455 1596 vestrum
479 1533 519 1597 de
542 1533 629 1596 illius
648 1531 876 1613 redargutione
900 1531 1021 1612 scripta
1041 1551 1100 1594 sua
1118 1532 1345 1613 transmiserit,
1368 1533 1470 1597 multo
1493 1533 1591 1616 plura

313 1645 346 1702 et
367 1640 517 1720 graviora
539 1639 625 1703 mala
650 1639 695 1702 eis
714 1637 930 1719 postmodum,
954 1641 991 1700 ut
1011 1636 1138 1718 dicitur,
1157 1637 1320 1719 irrogavit.
1358 1637 1397 1701 In
1416 1660 1481 1721 quo
1501 1639 1590 1705 facto

312 1745 413 1826 vobiS,
438 1746 493 1828 qui
516 1745 681 1826 regiminis
704 1743 811 1808 locum
834 1745 868 1806 in
887 1743 1005 1825 populo
1020 1741 1082 1806 Dei
1101 1744 1228 1825 tenetiS,
1253 1744 1486 1826 providendum
1508 1767 1589 1810 una-

312 1851 441 1914 nimiter
465 1852 620 1914 attentius
645 1855 677 1914 et
699 1849 891 1930 timendum,
920 1870 975 1931 ne,
1004 1850 1031 1913 si
1054 1848 1137 1914 forte
1164 1850 1283 1932 inpune
1310 1850 1364 1914 ille
1392 1850 1589 1916 tirannidem

312 1979 404 2021 suam
428 1978 525 2040 super
548 1956 716 2020 ecclesiam
739 1955 801 2020 Dei
834 1956 955 2020 diutius
980 1957 1172 2038 exercuerit,
1206 1958 1239 2019 in
1262 1958 1440 2039 periculum
1464 1960 1589 2022 anima-

311 2085 382 2126 rum
403 2069 584 2128 vestrarum
599 2062 726 2143 debeat,
751 2061 837 2144 quod
851 2067 978 2125 avertat
991 2060 1160 2142 DominuS,
1175 2061 1367 2127 redundare.
1403 2064 1590 2148 Eapropter

311 2167 509 2234 fraternitati
531 2175 657 2234 vestrae
680 2189 739 2252 per
762 2168 941 2250 apostolica
964 2169 1085 2251 scripta
1104 2168 1304 2249 mandamus,
1328 2171 1491 2251 quatinus,
1516 2171 1589 2234 dili-

312 2277 421 2357 gentia
434 2273 613 2359 pontificali
632 2274 780 2339 adhibita
798 2275 949 2357 omnique
967 2275 1155 2339 remissione
1174 2296 1212 2339 ac
1235 2275 1404 2358 tepiditate
1428 2284 1587 2358 cessante,

311 2382 472 2465 prefatum
497 2383 645 2447 comitem
670 2381 846 2446 districtius
877 2381 1036 2446 moneatis
1043 2431 1050 2464 ,
1083 2385 1120 2444 ut
1150 2403 1249 2464 supra
1277 2381 1362 2448 dicto
1389 2384 1589 2448 monasterio

311 2489 420 2570 inique
448 2488 560 2552 ablata
587 2489 749 2569 restituat,
782 2489 926 2569 irrogata
959 2487 1078 2551 damna
1109 2489 1281 2569 resarciat,
1315 2488 1356 2553 ab
1387 2490 1455 2553 eius
1487 2489 1587 2554 mole-

312 2596 382 2660 stiis
406 2601 439 2659 et
462 2595 691 2677 depredatione
716 2594 853 2658 desistat
881 2601 913 2658 et
935 2594 1081 2659 homines
1105 2594 1206 2677 ipsius
1236 2594 1388 2659 indebitis
1412 2595 1587 2660 exactioni-

311 2701 371 2766 bus
396 2707 428 2765 et
451 2701 589 2765 servitiis
614 2721 789 2782 aggravare
813 2700 853 2765 de
877 2707 984 2766 cetero
1008 2722 1072 2766 non
1090 2706 1267 2783 presumat.
1312 2700 1440 2766 sivero
1466 2723 1586 2766 ammo-

311 2807 426 2871 nitioni
457 2812 563 2871 vestre
596 2828 694 2889 super
725 2807 775 2871 his
809 2807 987 2872 decreverit
1010 2807 1214 2887 obviandum,
1246 2808 1586 2873 excommunicationis

312 2935 384 2977 eum
416 2913 543 2979 vinculo
570 2912 731 2978 innodetis
764 2919 796 2976 et
819 2914 861 2976 ad
884 2934 1119 2996 quemcumque
1141 2913 1249 2978 locum
1277 2913 1454 2996 devenerit,
1484 2914 1587 2978 donec

310 3041 442 3103 presens
466 3019 577 3100 fuerit,
610 3019 717 3083 divina
740 3019 785 3083 ibi
808 3019 1008 3103 prohibeatis
1032 3019 1138 3086 officia
1167 3019 1334 3084 celebrari.
1381 3020 1457 3085 Dat.
1482 3021 1585 3085 Bene-

311 3127 397 3190 venti
420 3125 459 3190 V.
484 3125 565 3190 Non.
590 3126 686 3190 Mart.

311 3342 398 3426 228.1
420 3343 594 3402 Hadriacas
612 3343 662 3401 IV
678 3343 804 3420 capitulo
823 3344 1023 3419 Aodopoccasi
1045 3345 1153 3418 scribit,
1177 3362 1238 3402 sese
1260 3344 1499 3404 macredinem
1521 3346 1586 3402 eius

420 3449 455 3508 ia
477 3449 614 3525 eliqecdc's
637 3450 778 3526 episeopis
801 3451 979 3509 obseruatum
997 3450 1118 3524 ponitus
1141 3449 1334 3508 domesticae.

493 3567 565 3622 Bibl.
584 3573 641 3622 nat.
660 3568 746 3622 Paris.
766 3568 836 3623 Ooll.
856 3568 960 3623 Baluze
979 3569 1030 3622 279
1049 3568 1095 3622 fol.
1115 3568 1165 3622 227
1185 3586 1271 3623 manu
1290 3587 1310 3623 s.
1330 3582 1407 3623 xvrr.

188 3749 272 3809 1156
401 3727 565 3792 Adrianus
590 3729 894 3812 episcopusservus
919 3750 1084 3793 servorum
1102 3728 1164 3791 Dei
1189 3728 1314 3792 dilectis
1337 3727 1412 3793 filiis
1435 3729 1586 3794 universo

158 3837 230 3912 Apr.
243 3841 293 3898 25.
313 3835 455 3918 capitulo
478 3835 705 3917 Andegavcnsi
728 3836 867 3900 salutem
890 3840 923 3898 ct
946 3834 1158 3917 apostolicam
1180 3835 1445 3900 benedictionem.
1479 3832 1587 3899 Causa

313 3963 410 4024 super
433 3942 650 4006 controversia
678 3941 717 4005 de
746 3941 901 4006 electione
931 3939 1093 4023 pontificis
1123 3962 1181 4022 per
1205 3941 1454 4032 appellationem
1480 3941 1585 4005 karis-

311 4049 385 4112 simi
407 4049 440 4111 in
464 4047 592 4112 Christo
615 4045 686 4110 filiii
710 4048 812 4112 nostri
834 4048 920 4130 regis
944 4046 1143 4128 Anglorum1
1163 4046 1205 4110 ad
1223 4047 1420 4128 presentiam
1439 4052 1585 4111 nostram

310 4156 419 4220 delata
451 4160 484 4218 et
515 4153 709 4236 quibusdam
743 4153 781 4219 de
814 4152 969 4216 fratribus
1002 4153 1117 4216 vestris
1150 4174 1209 4235 pro
1240 4153 1353 4219 eodem
1384 4152 1513 4235 negotio
1546 4175 1592 4218 ex·
1640 4148 1643 4191 ἱ

312 4267 417 4326 vestra
440 4267 532 4344 parte
546 4260 686 4351 directis,
711 4259 950 4325 venerabilibus
970 4279 1098 4341 quoque
1113 4258 1268 4323 fratribus
1283 4260 1402 4325 nostris
1416 4259 1586 4344 R(otrodo)
1639 4272 1643 4349 ξ

311 4368 500 4433 Ebroicensi
533 4373 566 4431 et
597 4365 780 4451 G(uilelmo)
813 4364 1045 4430 cenomanensi
1083 4366 1241 4449 episcopis
1279 4372 1311 4430 et
1348 4366 1473 4431 dilectis
1509 4365 1586 4430 filiis

312 4476 430 4539 nostris
466 4473 632 4557 Rloberto)
667 4472 786 4537 abbate
823 4471 854 4536 S.
889 4471 1000 4536 Albini
1037 4478 1069 4536 et
1102 4470 1141 4536 G.
1177 4471 1297 4536 decano
1335 4473 1366 4537 S.
1399 4471 1507 4538 Laudi
1543 4473 1586 4538 ab
1642 4517 1643 4530 .

401 4635 410 4662 ¹
430 4632 552 4687 Henrici.
