3336 5184
252 299 254 305 ’
298 292 359 354 132
634 304 822 357 Ansxnnnar
841 316 877 355 111
896 315 1062 356 saissonis
1080 301 1139 357 238.
1160 303 1212 357 239
1231 368 1236 380 ,

179 466 263 525 1160
295 466 370 530 anni
394 465 602 546 curriordum,
634 462 697 526 nisi
721 461 850 526 evidens
878 467 911 526 et
942 461 1115 526 manifesta
1147 462 1324 526 necessitas
1352 463 1572 546 impediverit,

169 556 230 615 1³¹1·
243 557 271 612 2·
294 571 460 656 appellans
485 592 578 635 snam
600 569 849 653 appellationem
876 589 941 633 non
963 567 1061 632 fuerit
1083 574 1274 650 prosecutus
1301 567 1342 633 de
1365 576 1472 636 cetero
1497 592 1574 636 sen-

293 679 396 744 tentia
417 678 490 761 ipsa
513 677 601 760 juste
630 674 759 758 prolata
785 673 949 738 firmitatis
978 675 1077 740 robur
1105 675 1259 740 obtineat.
1306 674 1461 741 Preterea
1489 699 1573 760 quo-

293 785 381 850 niam
399 781 543 866 prefatus
553 782 592 846 R.
604 782 777 846 canonicus
794 781 929 846 ecclesie
940 779 1091 846 Omnium
1102 781 1295 858 Sanctorum
1309 803 1344 847 se
1359 784 1573 865 conqueritur

294 892 335 956 ab
359 890 495 955 ecclesia
512 891 584 973 ipsa
602 888 759 953 violenter
777 893 810 951 et
828 888 951 970 absque
974 887 1161 953 rationabili
1180 909 1280 952 causa
1298 888 1437 972 ejectum
1455 889 1570 971 fuisse,

293 997 490 1062 fraternitati
513 1002 568 1062 tue
591 1016 649 1079 per
672 993 852 1077 apostolica
875 995 997 1077 scripta
1019 994 1221 1076 mandamus,
1242 995 1394 1076 quatinus
1414 995 1572 1060 abbatem

294 1103 437 1186 ejusdem
465 1103 598 1168 ecclesie
626 1100 797 1183 diligenter
824 1121 1037 1182 commoneas,
1066 1105 1103 1164 ut
1125 1100 1226 1182 illum,
1252 1101 1350 1165 etiam
1376 1102 1406 1164 si
1427 1100 1510 1166 forte
1533 1102 1572 1165 in

294 1211 402 1292 aliquo
426 1209 631 1292 deliquisset,
656 1206 825 1289 disciplina
853 1206 1028 1272 secundum
1057 1207 1145 1271 beati
1167 1208 1343 1290 Augustini
1366 1206 1512 1292 regulam
1537 1213 1574 1271 et

294 1316 557 1381 consuetudinem
589 1313 710 1380 ordinis
742 1314 920 1396 prescripte
953 1313 1087 1378 ecclesie
1111 1319 1252 1395 servata,
1285 1314 1319 1376 in
1347 1313 1572 1395 sepedictam

294 1423 463 1488 ecclesiam
490 1421 634 1504 recipiat.
681 1419 759 1484 illos
791 1441 881 1501 vero,
914 1442 994 1503 quos
1026 1421 1125 1484 istum
1155 1421 1344 1485 verberasse
1376 1420 1571 1500 constiterit,

294 1529 357 1593 nisi
388 1527 470 1593 forte
502 1527 556 1613 de
573 1525 727 1591 mandato
758 1526 876 1608 prelati
909 1527 960 1590 sui
990 1526 1051 1591 hoc
1080 1525 1229 1608 fecerint,
1263 1533 1330 1590 tam
1358 1525 1414 1590 diu
1436 1525 1570 1609 publice

294 1635 463 1700 denunties
486 1633 702 1698 anathematis
725 1633 852 1697 vinculo
876 1633 1057 1714 innodatos,
1078 1631 1179 1697 donec
1198 1633 1237 1698 de
1256 1638 1348 1698 tanto
1368 1632 1571 1698 satisfacturi

227 1759 228 1764 ’
296 1762 429 1807 excessu
452 1762 524 1804 oum
552 1739 617 1803 tuis
649 1739 766 1802 litteris
798 1744 909 1804 nostro
936 1759 970 1804 se
999 1741 1184 1820 conspectui
1210 1743 1442 1822 representent
1488 1738 1569 1803 Dat.

295 1847 442 1930 Anagnie
464 1845 534 1910 ΠΠ
557 1845 666 1911 Nonas
691 1845 846 1909 Ianuarii.

294 2152 379 2218 238.
403 2152 565 2212 Aleacnder
582 2153 634 2211 ΠΙ
647 2153 835 2212 aeneidarum
861 2151 1046 2227 quorundam
1069 2152 1149 2227 npnd
1169 2153 1292 2210 Fontem
1319 2151 1445 2210 Gcburde'
1469 2151 1569 2210 neen-

405 2260 480 2318 tinnr
503 2259 708 2336 subjectionem
729 2258 840 2317 Maiori
861 2257 1039 2316 monasterio
1061 2257 1221 2317 exhibitam
1243 2257 1406 2334 confinnct

461 2377 533 2432 Bibl.
551 2382 608 2431 nat.
628 2376 714 2431 Paris.
733 2394 784 2431 ms.
803 2377 851 2431 lat.
871 2375 958 2430 12880
976 2375 1022 2430 fol.
1043 2377 1102 2430 196.
1134 2375 1251 2446 Scripsit
1267 2376 1401 2430 Martene.

168 2547 250 2607 1162
383 2536 567 2602 Alexander
590 2537 759 2620 episcopus
783 2557 894 2600 servus
919 2556 1082 2600 servorum
1096 2534 1159 2600 Dei
1181 2535 1308 2600 dilectis
1331 2534 1406 2599 filiis
1420 2535 1568 2601 Roberto

148 2636 275 2699 Oet-10·
296 2642 407 2707 abbati
430 2643 563 2707 Maioris
587 2643 776 2720 monasterii
797 2643 930 2725 eiusque
953 2641 1108 2706 fratribus
1133 2642 1270 2706 salutem
1298 2648 1331 2706 et
1353 2642 1568 2725 apostolicam

295 2748 559 2813 benedictionem.
607 2746 884 2829 Quemadmodum
915 2748 1112 2830 apostolicae
1140 2748 1225 2812 sedis
1257 2748 1434 2812 auotoritas
1466 2748 1569 2814 habet

295 2855 379 2919 male
403 2860 477 2918 acta
499 2855 673 2936 corrigere,
701 2855 749 2918 ita
777 2853 920 2919 eiusdem
942 2858 998 2923 ,est
1020 2853 1102 2918 bene
1132 2859 1206 2918 acta
1227 2851 1367 2918 firmare.
1413 2854 1568 2919 Pervenit
1658 2843 1659 2928 l

296 2961 454 3043 siquidem
478 2961 520 3025 ad
542 2983 611 3043 nos,
635 2961 722 3043 quod
745 2961 877 3042 quidam
900 2960 1045 3025 homines
1072 2960 1111 3025 de
1125 2959 1230 3024 Fonte
1250 2959 1394 3025 Gehardi
1415 2961 1450 3024 in
1465 2959 1566 3027 Ceno·

295 3067 463 3132 marmensi
481 3067 669 3150 episcopatu
687 3067 883 3148 habitantes,
907 3067 1035 3131 nomine
1049 3066 1246 3148 Heremitae,
1272 3066 1328 3131 sed
1351 3066 1441 3131 nulla
1464 3067 1567 3132 eccle-

296 3156 427 3250 siastica
449 3185 496 3238 aa
518 3184 552 3238 n
574 3179 608 3236 a
630 3179 750 3254 anna
772 3179 899 3254 mena
921 3177 973 3237 Η]
990 3179 1015 3237 e.
1039 3178 1141 3236 aaa
1162 3178 1189 3236 a
1212 3180 1251 3236 ro
1272 3180 1342 3253 Aa.
1366 3180 1451 3252 rma,
1474 3198 1568 3255 aare

294 3306 324 3346 n.
341 3288 412 3345 203.
448 3280 569 3344 Datum
592 3279 729 3344 Turonis
753 3278 801 3344 VI
823 3279 901 3343 Idus
926 3278 1085 3344 Octobris.

295 3585 381 3651 239.
405 3585 567 3645 Alexander
588 3585 640 3644 III
658 3585 896 3660 compositiciam
923 3585 999 3642 inter
1021 3585 1186 3660 episcopum
1209 3585 1409 3646 Perc'se'enscrn
1431 3591 1457 3644 et
1479 3585 1566 3644 ebbo-

406 3699 461 3752 tcrn
480 3691 696 3751 Colnncbenscnr
715 3710 734 3749 c
750 3690 859 3748 Milone
877 3691 1116 3767 nrcbqrrcsbytero
1134 3691 1346 3751 Mediolanensi
1362 3700 1389 3752 ct
1412 3691 1565 3752 Osmnndo

405 3798 542 3856 canonico
566 3797 732 3856 Pan'siensc'
753 3797 862 3873 facturn
885 3796 1048 3873 confirmat.

469 3915 540 3970 Bibl.
560 3922 617 3970 nat.
636 3915 723 3970 Paris.
742 3898 811 3970 0011.
831 3915 946 3970 Moreau
964 3916 998 3970 69
1017 3915 1064 3969 fol.
1084 3917 1135 3970 233
1153 3934 1239 3970 manu
1257 3934 1278 3971 s.
1297 3931 1388 3973 xvm.

163 4099 246 4157 1163
383 4075 567 4140 Alexander
591 4077 758 4160 episcopus
783 4095 893 4138 servus
917 4095 1080 4139 servorum
1104 4074 1166 4139 Dei
1194 4076 1311 4142 dilecto
1334 4077 1400 4142 filio
1423 4076 1564 4159 Rogerio

108 4187 109 4190 ’
141 4190 213 4263 Apr.
226 4187 276 4244 20.
295 4185 407 4250 abbati
423 4182 644 4248 Columbensis
663 4181 851 4247 monasterii
870 4180 1007 4245 salutem
1027 4186 1059 4246 et
1073 4183 1284 4264 apostolicam
1298 4184 1563 4250 benedictionem.

294 4291 393 4355 Iustis
416 4289 594 4373 petentium
618 4288 785 4353 desideriis
804 4287 932 4351 facilem
950 4308 1008 4351 nos
1028 4289 1176 4352 convenit
1193 4290 1353 4373 impertiri
1372 4311 1564 4358 consensum

295 4403 327 4461 et
349 4403 434 4477 vota,
459 4416 542 4478 quae
565 4416 585 4458 a
607 4396 742 4460 rationis
765 4397 896 4458 tramite
919 4414 983 4459 non
1007 4392 1202 4476 discordant,
1227 4395 1343 4462 effectu
1361 4404 1437 4462 sunt
1455 4418 1564 4480 prose·

294 4509 411 4585 quante
436 4501 634 4585 complenda.
680 4501 878 4585 Eapropter,
910 4500 1026 4565 dilecte
1053 4501 1087 4566 in
1113 4500 1254 4567 Domino
1286 4500 1347 4585 fili,
1380 4503 1445 4568 tuis
1468 4504 1562 4568 iustis

293 4609 563 4691 postulationibus
577 4614 670 4690 grato
685 4614 912 4674 concurrentes
929 4627 1064 4672 assensu
1082 4609 1356 4693 compositionem,
1376 4630 1460 4694 quae
1478 4611 1563 4674 inter
