3296 5178
520 311 655 367 Nreouu
672 326 685 366 1
703 325 848 366 mersione
866 305 909 364 44'
1308 295 1350 357 23

165 475 339 556 Desposco,
364 495 404 538 ne
428 473 471 537 ab
494 472 566 553 hac,
586 485 732 538 summo*
754 471 919 554 religionis
939 471 1056 555 capite,
1077 470 1224 551 eeclesia,
1248 491 1268 534 a
1287 491 1352 552 qua
1371 470 1538 528 850-854.

82 583 182 646 nullus
205 580 389 646 exorbitare
412 579 490 661 vult,
515 579 565 644 vel
589 583 728 645 stantis
750 578 886 662 prefatis
910 577 1055 643 ecclesiis
1079 577 1272 642 dissentireb
1295 598 1351 660 pa-

82 689 214 770 ciamini,
238 689 266 752 si
290 709 330 752 ex
352 693 421 752 toto
445 708 559 770 pacem
583 694 616 752 et
638 686 844 752 concordiam
861 685 1054 749 universalis
1073 683 1208 749 ecclesie
1231 682 1352 746 habere

81 796 220 878 diligitis.
258 793 343 858 Nam
367 795 404 876 si,
429 793 515 876 quod
533 815 599 859 non
618 792 789 874 credimus,
808 793 842 856 iu
861 798 988 857 tantum
1008 791 1189 856 doctrinam
1207 794 1352 856 nostram

81 911 110 967 et
130 903 340 966 tradicionem
363 901 465 966 nostri
484 901 590 966 sancti
608 899 747 983 presulis
766 900 983 980 exorreseitis,
1007 904 1131 964 utnon
1154 918 1212 981 per
1235 902 1352 960 cuncta
1396 965 1400 974 ,

81 1011 110 1072 in
132 1008 300 1074 cantilenis
324 1013 358 1073 et
380 1007 573 1072 lectionibus
596 1007 695 1071 ritum
722 1013 870 1072 nostrum
894 1005 1090 1089 sequamini,
1115 1005 1240 1086 scitote,
1265 1003 1352 1086 quod

80 1139 130 1181 vos
145 1122 290 1181 anostra
305 1115 528 1180 communione
547 1113 755 1197 repellemus;
775 1113 929 1196 quoniam
948 1112 1106 1194 convenit,
1126 1133 1182 1176 vos
1202 1133 1241 1176 ea
1260 1111 1351 1192 sequi

81 1222 258 1304 salubriter,
282 1241 346 1303 que
361 1221 511 1286 Romana
534 1220 680 1302 ecclesia,
705 1209 810 1285 mater
833 1221 975 1284 omnium
998 1225 1031 1284 et
1053 1219 1210 1300 magistra
1233 1222 1350 1298 vestra,

80 1351 138 1394 non
162 1330 294 1412 spernit,
320 1327 376 1395 sed
400 1328 526 1410 appetit
549 1333 648 1410 atque
671 1327 888 1393 insolubiliter
910 1331 1009 1390 tenet.
1035 1325 1181 1396 ¹Idcirco
1209 1322 1269 1388 sub
1298 1345 1351 1388 ex-

81 1435 362 1501 conmunicationis
376 1434 622 1517 interpositione
636 1434 842 1518 precipimus,
861 1439 898 1498 ut
908 1453 1115 1515 nequaquam
1129 1431 1233 1512 aliter,
1253 1452 1352 1512 quam

81 1549 110 1608 et
132 1548 262 1607 sanetus
285 1563 372 1625 papa
396 1539 573 1623 Gregorius
596 1539 733 1604 tradidit
760 1546 793 1605 et
815 1561 873 1604 nos
896 1546 1055 1620 tenemus,
1079 1541 1112 1602 in
1131 1538 1351 1604 modulatione

81 1657 110 1714 et
130 1650 267 1715 lectione
290 1649 324 1712 in
348 1648 492 1713 ecclesiis
515 1648 691 1731 peragatis,
715 1647 857 1729 totisque
876 1647 998 1711 viribus
1017 1647 1177 1729 perpetim
1196 1644 1351 1709 excolatis

80 1764 110 1821 et
130 1756 318 1821 decantetis.
365 1754 449 1818 Nam
473 1755 511 1835 si,
535 1753 622 1837 quod
645 1754 777 1818 minime
800 1753 971 1835 credimus,
997 1754 1031 1817 in
1051 1753 1187 1816 alteram
1205 1773 1261 1816 vos
1285 1756 1350 1816 tra·

81 1863 232 1929 dicionem
254 1867 365 1945 preter
386 1861 481 1942 hanc,
509 1882 608 1944 quam
630 1860 721 1926 vobis
744 1860 950 1943 presentibus
978 1860 1029 1924 vel
1051 1859 1169 1923 futuris
1196 1878 1351 1941 peragen-

81 1971 150 2034 dam
174 1970 335 2050 duximus,
359 1968 513 2032 reducere
531 1968 582 2032 vel
601 1967 764 2032 declinare
783 1987 985 2050 quocumque
1004 1965 1101 2031 modo
1119 1970 1254 2030 conatus
1278 1965 1350 2047 quis

82 2077 180 2159 berit,
204 2099 269 2142 non
293 2075 396 2140 solum
424 2097 444 2138 a
468 2095 560 2140 sacro
589 2096 723 2157 corpore
752 2080 785 2138 et
812 2075 967 2157 sanguine
990 2073 1122 2138 Domini
1148 2071 1251 2136 nostri
1274 2069 1351 2136 Iesu

81 2183 195 2248 Christi
217 2184 376 2248 alienum⁰
404 2204 477 2246 eum
500 2181 569 2246 fore
600 2180 826 2264 precipimusd,
851 2203 962 2246 verum
980 2181 1014 2244 in
1037 2184 1194 2263 perpetuo
1217 2177 1349 2241 anathe-

80 2298 158 2357 mate
182 2311 371 2355 mansurum
404 2288 445 2354 ob
477 2309 555 2352 suae
582 2289 834 2371 presumptionis
867 2287 1034 2351 audatiam
1061 2291 1173 2350 nostra
1196 2286 1294 2356 immo
1318 2290 1351 2348 et

82 2401 215 2463 omnium
239 2403 481 2462 antecessorum
504 2401 690 2460 nostrorum
713 2395 907 2460 auctoritate
931 2394 1104 2459 sancimus

82 2739 137 2805 44.
160 2741 302 2800 Nicotaus
325 2740 346 2798 I
363 2739 530 2816 episcopam
553 2738 698 2814 quendam
721 2738 878 2814 vituperat,
903 2738 980 2814 qaod
1006 2735 1187 2796 Gabiniam
1204 2736 1349 2811 presbyte-

160 2867 240 2921 ium,
264 2848 366 2923 inique
388 2852 572 2918 malma,
601 2845 684 2904 titulo
713 2845 867 2922 officioque
884 2845 1058 2922 privaverit,
1087 2843 1150 2902 licet
1171 2861 1262 2901 caasa
1287 2843 1352 2901 cias

160 2955 241 3013 baud
263 2953 399 3012 coaonae
423 2958 544 3011 bociola
566 2959 644 3011 esset.
690 2952 822 3026 Mandat,
845 2957 880 3010 at
901 2953 936 3011 in
958 2952 1105 3026 inicorum
1127 2968 1196 3008 caat
1217 2949 1352 3008 restittat

160 3067 195 3135 et,
220 3060 360 3119 adhibitis
383 3059 513 3136 quiaque
535 3059 684 3135 episcopis,
708 3077 781 3136 quoa
804 3059 989 3132 obiiciantur,
1017 3058 1167 3132 dilipcatcr
1193 3054 1351 3131 inquirat.1

375 3177 445 3233 Ooll.
465 3178 533 3234 Brit.
553 3178 641 3234 Varia
658 3178 690 3233 II
708 3196 736 3233 n.
756 3180 817 3246 131,
834 3178 853 3232 l.
873 3177 891 3232 1.
910 3177 957 3234 fol.
977 3177 1036 3232 210.

160 3340 295 3407 Noverit
325 3340 482 3404 sanctitas
509 3345 581 3421 tua,
615 3339 693 3421 quia
719 3338 772 3402 hic
800 3339 998 3422 presentium
1027 3337 1113 3402 lator
1137 3333 1348 3415 Gerclandus,
1369 3346 1536 3405 858-867.

81 3449 232 3530 presbiter
259 3447 424 3512 dioceseos
454 3452 545 3528 tuae,
574 3445 794 3529 apostolatum
816 3451 964 3510 nostrum
992 3443 1103 3507 adiens
1128 3448 1261 3525 questus
1290 3447 1349 3524 est,

82 3557 158 3636 quod
182 3553 385 3638 quorundam
408 3553 590 3635 vulgarium
617 3553 810 3636 populorum
837 3552 957 3633 iniquis
981 3550 1096 3614 fuisset
1119 3550 1349 3615 criminationi·

81 3660 134 3726 bus
157 3661 244 3747 apud
269 3661 477 3726 sanctitatem
499 3667 590 3724 tuam
612 3661 790 3743 impetitus,
815 3659 900 3723 unde
927 3663 1123 3724 commotus⁸
1146 3656 1187 3722 ab
1212 3679 1249 3723 eo
1272 3659 1350 3722 titu-

80 3768 149 3852 lum,
172 3771 208 3833 in
231 3790 295 3851 quo
319 3769 472 3832 canonice
496 3767 663 3832 ordinatus
687 3766 807 3848 fuerat,
835 3766 1043 3846 abstulisses
1066 3765 1199 3848 insuper
1222 3785 1242 3829 a
1265 3787 1349 3830 com-

82 3880 223 3942 munione
247 3873 346 3940 officii
369 3875 419 3938 sui
441 3874 534 3938 illum
558 3873 791 3957 suspendisses.
822 3872 933 3962 ‘Quod
957 3874 985 3936 si
1007 3874 1055 3936 ita
1078 3877 1140 3954 est,
1168 3894 1233 3936 nou
1255 3872 1349 3936 nobis

83 3985 226 4048 canonice
245 3988 354 4046 actum
369 3981 478 4063 fuisse,
496 4003 629 4064 prorsus
649 3985 798 4064 apparet:
819 3981 969 4063 primum,
989 3981 1141 4062 quoniam
1160 4001 1224 4043 non
1243 3979 1348 4043 minus

83 4109 170 4168 quam
194 4112 214 4154 a
238 4110 294 4154 sex
317 4089 477 4171 episcopia
501 4087 607 4153 audiri
634 4088 668 4150 in
692 4086 807 4152 eausar
828 4087 971 4151 criminis
995 4086 1211 4170 presbiterum
1235 4106 1349 4151 conve·

83 4195 135 4275 nit;
159 4196 285 4278 deinde,
306 4217 379 4260 cum
395 4201 601 4260 accusatores
616 4194 738 4258 crimen
755 4193 803 4257 illi
821 4194 946 4258 nullum
964 4193 1181 4277 probaverint,
1200 4214 1260 4258 nec
1278 4192 1348 4275 ipse

161 4382 174 4406 ⁸
191 4394 263 4428 sumo
280 4397 300 4427 c.
355 4373 465 4426 baetim
482 4379 572 4426 mdcccc-
590 4375 725 4424 dissentiri.
799 4379 810 4403 ⁰
827 4375 939 4424 alienum
958 4377 1054 4424 addidi
1071 4377 1166 4435 Birbop.
1234 4367 1348 4436 dprece·

84 4464 158 4525 pimus
176 4487 196 4516 c.
268 4472 279 4496 ⁶
297 4471 408 4517 cometus
426 4484 447 4515 c.
526 4461 537 4492 ¹
552 4465 579 4514 in
597 4480 673 4514 causa
690 4467 725 4514 bie
742 4467 768 4513 ia
785 4467 838 4516 cod.

164 4573 173 4602 ¹
192 4571 233 4626 Of.
248 4571 321 4627 Jaffe
330 4569 374 4625 ed.
384 4585 436 4624 sec.
447 4569 525 4624 2855.
553 4568 696 4624 NicolaoI
714 4567 819 4639 Bishop
837 4575 865 4623 et
881 4567 978 4622 Ewald
996 4566 1183 4637 ascripserunt
1200 4565 1348 4636 epistolam

84 4654 155 4727 hanc,
174 4660 293 4715 auctoris
311 4659 424 4714 nomine
442 4658 616 4726 destitutam,
634 4658 700 4728 quia
717 4657 790 4712 inter
808 4656 877 4712 alias
896 4657 954 4712 eius
973 4655 1102 4728 epistolas
1121 4660 1244 4725 apparet.
