3336 5184
273 262 315 322 90
667 276 855 330 Innoonnrn
873 290 897 330 11
916 288 1083 330 nmsronnn
1103 275 1154 330 180

132 433 216 493 1135
271 437 385 501 lariter
408 436 642 502 substituendis
666 437 924 519 inperpetuum.
973 433 1129 517 Quotiens
1152 436 1233 501 illud
1257 437 1392 503 anobis
1416 438 1551 520 petitur,

101 525 188 583 Mart.
201 525 251 584 30·
272 543 358 626 quod
381 544 500 609 rationi
523 549 556 608 et
578 543 742 609 honestati
774 543 945 608 convenire
977 543 1196 625 cognoscitur,
1231 545 1338 610 animo
1370 566 1429 609 nos
1458 543 1553 608 decet

271 650 387 715 libenti
410 650 598 731 concedere,
632 655 665 714 et
691 651 872 733 petentium
901 649 1070 714 desideriis
1099 671 1277 732 congruum
1300 651 1461 733 impertiri
1484 650 1551 715 suf-

271 757 425 840 fragium,
459 763 496 821 ut
523 756 667 821 fidelium
695 757 823 823 devotio
855 757 993 822 celerem
1016 762 1235 839 consequatur
1257 757 1416 822 effectum.
1465 757 1552 840 Quia

272 885 358 947 ergo,
383 864 499 930 dilecte
523 865 557 928 in
573 863 713 931 Domino
736 864 782 929 fili
806 863 904 928 Petre
928 863 1032 927 abbas
1039 914 1046 945 ,
1076 869 1259 947 emergente
1278 865 1312 927 in
1331 865 1468 930 ecclesia
1485 864 1551 929 Dei

272 971 460 1053 schismate,
493 976 662 1054 tamquam
693 972 743 1036 vir
758 1039 761 1045 ,
775 970 953 1035 catholicus
986 971 1020 1034 iu
1051 970 1142 1035 beati
1173 971 1264 1036 Petri
1288 971 1473 1037 obedientia
1495 971 1551 1035 fir-

271 1078 367 1142 miter
389 1079 571 1161 perstitisti,
595 1084 725 1160 gratum
739 1078 897 1143 habemus
912 1082 945 1141 et
958 1078 1142 1142 interventu
1159 1078 1393 1143 venerabilium
1413 1079 1551 1144 fratrum

271 1190 465 1268 nostrorum,
489 1185 637 1268 Hugonis
657 1185 854 1250 Turonensis
874 1183 1119 1267 archiepiscopi,
1134 1184 1291 1249 Willelmi
1307 1185 1550 1252 Xanctonensis

272 1293 416 1374 episcopi
439 1297 472 1356 et
494 1293 644 1375 magistri
663 1291 820 1357 Gaufredi
844 1290 884 1355 de
902 1290 1074 1373 Laureolo,
1099 1291 1309 1358 honestorum
1333 1292 1494 1375 siquidem
1517 1298 1552 1357 et

271 1398 479 1482 prudentium
497 1400 649 1481 virorum,
673 1399 738 1464 tuis
764 1397 1039 1480 postulationibus
1062 1398 1238 1463 clementer
1257 1400 1428 1464 annuimus
1448 1405 1481 1464 et
1499 1421 1550 1464 ec-

272 1506 404 1570 clesiam
427 1506 459 1570 b.
483 1506 633 1588 Romani,
658 1507 710 1571 cui
732 1504 803 1570 Deo
827 1509 941 1568 autore
963 1525 1115 1587 praeesse
1139 1504 1326 1588 dinosceris,
1351 1506 1550 1589 apostolicae

272 1612 357 1677 sedis
377 1613 492 1679 robore
511 1614 746 1678 communimus
769 1621 831 1676 ret.n
876 1609 923 1675 Ut
941 1617 1050 1676 autem
1072 1612 1206 1677 liberius
1231 1623 1264 1678 et
1285 1613 1366 1678 vitia
1389 1613 1551 1695 corrigere

272 1724 305 1783 et
331 1718 443 1801 bonos,
473 1725 667 1802 cooperante
690 1719 839 1800 Domino,
872 1718 988 1783 melius
1011 1718 1121 1784 valeas
1152 1725 1351 1802 sustentare,
1385 1719 1551 1784 deferendi

271 1826 424 1890 baculum
455 1827 539 1891 inter
573 1826 691 1892 fratres
723 1831 812 1906 tuos,
845 1824 932 1906 quod
959 1826 1072 1907 utique
1098 1828 1273 1909 pastoralis
1301 1827 1400 1893 officii
1423 1829 1551 1910 signum

271 1938 335 2015 est,
368 1954 407 1997 ex
439 1933 641 2017 benignitate
673 1933 705 1999 S.
730 1932 898 1997 Romanae
929 1932 1085 1998 ecclesiae
1117 1933 1179 1997 tibi
1209 1934 1375 1999 licentiam
1407 1934 1552 2017 imperti·

272 2061 353 2121 mur,
377 2051 424 2104 cet.

360 2147 448 2212 Data
470 2146 555 2212 Pisis
579 2169 638 2230 per
660 2167 775 2211 manus
798 2144 963 2228 Aymerici
987 2145 1019 2210 S.
1044 2145 1084 2210 R.
1104 2146 1142 2220 Ε.
1168 2146 1297 2212 diaconi
1320 2147 1495 2212 cardinalis
1520 2153 1554 2212 et

272 2254 457 2318 cancellarii
480 2253 534 2318 HI
556 2253 630 2318 Kal.
646 2253 781 2336 Aprilis,
806 2251 871 2315 ind.
891 2249 970 2334 XII,
1001 2252 1235 2317 incarnationis
1258 2253 1439 2320 dominicae
1466 2275 1552 2318 anno

271 2359 473 2442 MCXXXV,
497 2360 705 2443 pontificatus
730 2358 839 2424 domni
862 2357 1044 2423 Innocentii
1066 2381 1172 2442 papae
1194 2359 1230 2424 Π
1254 2382 1338 2426 anno
1361 2359 1419 2426 VI.

271 2682 358 2747 180.
382 2684 572 2744 Innocentius
590 2685 627 2744 H
643 2685 866 2761 archiepiscopis
888 2684 1066 2761 quibusdum
1092 2703 1250 2762 eorumque
1273 2687 1478 2763 suffropunee's,
1502 2687 1552 2745 ab·

383 2791 498 2850 tutibus
520 2798 568 2851 cel.
595 2793 753 2868 significet,
777 2811 838 2852 sese
860 2792 1015 2867 Hugonem
1037 2791 1287 2869 archiepiscopum
1310 2795 1552 2868 Retoneapensem

383 2898 417 2956 de
439 2899 524 2957 batere
546 2918 601 2957 suo
623 2900 751 2972 mr'se‘sse,
779 2905 814 2958 ut
836 2899 998 2975 Alfonsmn
1028 2899 1163 2958 comitem
1189 2900 1366 2960 Tolosonmn
1388 2906 1415 2959 et
1442 2900 1551 2976 [lnpo-

383 3024 453 3063 nem
470 3006 663 3082 Delphinum,
687 3025 815 3083 quornm
838 3006 909 3065 ulter
931 3006 966 3064 u'n
987 3007 1203 3066 mormstemum
1225 3007 1255 3066 S.
1274 3007 1399 3084 Aepn‘de'i,
1423 3005 1495 3065 alter
1517 3007 1552 3065 r'n

383 3113 530 3172 anesum
553 3114 770 3173 Romanensem
791 3113 934 3185 suerunt,
957 3120 1087 3172 coermut.
1129 3113 1285 3189 Praecepit,
1315 3117 1358 3187 ul,
1387 3113 1416 3171 si
1445 3114 1553 3172 uocate?

383 3220 505 3297 fuerent,
524 3221 698 3280 conueniunt
716 3221 798 3297 eique
812 3219 848 3278 r'n
865 3220 1016 3279 mandetis
1034 3220 1206 3297 erepuende's
1224 3221 1375 3280 uumlurm
1387 3219 1551 3296 pompant.

386 3339 457 3394 Bibl.
476 3345 534 3395 nat.
553 3339 639 3394 Paris.
659 3340 729 3395 Ooll.
748 3340 853 3394 Baluze
871 3341 906 3395 56
925 3339 972 3394 fol.
984 3340 1048 3404 1593
1071 3339 1176 3394 ibidem
1195 3341 1247 3395 279
1266 3340 1313 3396 fol.
1333 3339 1398 3394 212b
1416 3344 1445 3395 et

521 3429 568 3485 fol.
588 3429 649 3497 221,
669 3429 751 3496 (hanc
769 3429 878 3501 copiam
896 3429 962 3485 fecit
980 3428 1108 3484 Andreas
1126 3429 1294 3500 Duchesne.)

141 3595 226 3655 1135
361 3589 569 3655 Innocentius
593 3591 895 3673 episcopusservus
915 3588 1161 3655 servorumDei
1184 3589 1422 3655 venerabilibus
1443 3588 1553 3653 fratri·

109 3685 189 3763 Aug·
202 3683 252 3744 31·
272 3697 332 3762 bus
351 3697 473 3783 P(etro)
491 3695 712 3780 Lugdunensi,
733 3695 921 3783 Stephano)
939 3696 1126 3777 Viennensi,
1146 3695 1316 3783 A(rnaldo)
1335 3696 1552 3778 Narbonensi,

272 3801 1553 3890 B(ernard0)Arelatensi,P(ontio)Aquensi,G(uilielmo)lEbredunensiarchi-

273 3911 433 3994 episcopis
452 3932 628 3993 eorumque
651 3910 864 3993 suffraganeis
884 3911 1044 3994 episcopis
1070 3916 1104 3975 et
1123 3909 1249 3974 dilectis
1268 3909 1344 3974 filiis
1364 3909 1553 3991 abbatibus

273 4019 369 4100 clero,
389 4018 590 4101 principibus
606 4024 638 4083 et
651 4019 781 4101 populo,
800 4039 859 4101 per
874 4039 984 4084 eorum
997 4017 1187 4101 parrochias
1202 4017 1397 4098 constitutis,
1413 4016 1554 4080 salutem

274 4130 307 4190 et
319 4125 532 4209 apostolicam
546 4125 813 4191 benedictionem.
841 4124 907 4190 Ubi
920 4125 1045 4190 maiora
1059 4129 1191 4189 sanctae
1200 4124 1264 4189 Dei
1278 4123 1435 4188 ecclesiae
1450 4143 1554 4186 emer·

272 4238 354 4314 gunt
375 4233 525 4315 negocia,
557 4232 604 4297 ibi
630 4232 775 4315 profecto
798 4232 1024 4315 religiosarum
1049 4235 1082 4296 et
1109 4232 1306 4314 sapientium
1328 4251 1554 4314 personarum,

273 4340 493 4422 praesentium
511 4339 573 4405 hoc
590 4346 746 4422 tempore,
774 4345 850 4402 sunt
869 4338 1053 4403 adhibenda
1072 4337 1215 4403 consilia.
1254 4337 1360 4402 Huius
1379 4337 1426 4401 rei
1446 4338 1555 4416 gratia

273 4446 490 4511 venerabilem
509 4447 643 4511 fratrem
661 4451 809 4511 nostrum
824 4445 1006 4528 Hugonem,
1022 4444 1318 4527 Rothomagensem
1337 4443 1554 4526 archiepisco·

363 4630 375 4655 ¹
395 4629 458 4688 Qrme
467 4631 569 4692 sepnr'trer
578 4631 604 4676 in
612 4630 699 4688 codem,
714 4630 904 4677 commotionem
914 4629 1033 4689 bonorum,
1046 4629 1232 4690 prbrdegiorum,
1242 4629 1330 4677 unbem
1339 4627 1414 4676 omni.
1469 4619 1481 4652 ¹³
1500 4625 1523 4673 E
1533 4645 1553 4676 c.
