3336 5184
281 286 343 348 162
662 299 851 351 Anuxsunnr
869 311 906 350 111
925 271 1092 353 arrabonis
1111 299 1162 354 283

164 459 258 518 1178·
277 482 401 525 xamur.
448 458 528 523 inde
553 465 603 522 est
626 457 711 540 quod
734 457 932 522 fraternitati
955 464 1009 523 tue
1032 480 1091 542 per
1113 460 1291 542 apostoliea
1318 461 1440 544 scripta
1462 483 1560 525 man-

278 566 407 647 damus,
441 565 592 648 quatinus
625 563 730 628 eidem
761 565 843 644 viro,
877 565 933 646 qui
956 565 1107 629 iniuriam
1130 567 1278 648 pertulit,
1312 567 1424 632 ablata
1451 567 1561 632 facias

278 674 428 736 universa
452 673 520 736 sine
544 670 698 734 dilatione
730 670 825 733 restit
850 670 856 682 '
882 675 915 733 et
937 670 1042 752 illum,
1076 672 1132 754 qui
1163 672 1244 737 talia
1271 679 1458 756 perpetrare
1479 663 1560 740 ¹non

277 779 395 860 timuit,
428 778 538 842 taliter
570 777 702 841 studeas
735 777 909 858 castigare,
941 776 1028 858 quod
1051 778 1166 843 amodo
1190 779 1270 843 talia
1292 802 1357 844 non
1381 785 1562 864 attemptet

278 891 311 950 et
334 885 390 949 alii
413 883 580 948 audientes
608 883 724 946 saltem
742 887 832 945 metu
849 903 931 965 pene
950 881 1078 946 discant
1096 906 1115 948 a
1134 885 1294 950 similibus
1314 886 1558 951 abstinendum.

279 1331 366 1398 283.
389 1331 552 1390 Abscondat
574 1331 625 1389 ΠΙ
648 1329 790 1389 Willelmo
813 1331 1023 1408 archiepiscopo
1046 1333 1185 1391 Ronmasi
1214 1334 1333 1410 eiusque
1359 1336 1560 1411 soffrapooots

390 1437 521 1510 morrdot,
544 1442 644 1495 moreat
665 1455 702 1495 no
724 1437 903 1513 compositio,
927 1438 1003 1496 inter
1024 1439 1239 1498 monasteriaco
1260 1439 1454 1500 alomonis
1472 1441 1559 1500 Loa-

267 1587 270 1596 ,
391 1544 533 1602 decernis
560 1549 585 1602 ct
602 1543 810 1618 [coornatam
833 1545 867 1603 do
889 1545 981 1604 Ooloa‘s
1006 1545 1098 1623 facto,
1121 1564 1150 1621 o
1176 1545 1240 1622 Jtlt'o
1264 1547 1328 1604 etos
1351 1547 1479 1624 Rodulfo
1507 1549 1559 1607 io-

390 1651 546 1727 sciopodum

409 1768 481 1824 Bibl.
500 1774 557 1823 nat.
576 1768 661 1822 Paris.
681 1766 749 1823 0011.
760 1768 876 1824 Moreau
893 1769 928 1824 80
946 1769 994 1824 fol.
1005 1770 1065 1824 187.
1096 1769 1213 1841 Scripsit
1231 1772 1306 1826 Dorn
1324 1771 1448 1828 Grenier.

79 2015 83 2030 .
154 1979 238 2038 1178
369 1964 554 2030 Alexander
578 1967 747 2048 episeopus
771 1985 881 2027 servus
909 1984 1073 2029 servorum
1096 1964 1158 2029 Dei
1181 1967 1420 2032 venerabilibus
1447 1968 1558 2033 iratri-

134 2068 197 2128 00l·
210 2068 261 2127 28·
280 2074 341 2139 bus
368 2072 532 2137 Willelmo
560 2071 714 2135 Remensi
746 2071 1002 2153 archiepiscopo,
1035 2072 1341 2153 apostolicaesedis
1373 2074 1490 2156 legato,
1525 2081 1561 2138 et
1637 2132 1645 2156 ,

281 2178 492 2261 suffraganeis
526 2179 594 2242 eius
618 2177 756 2240 salutem
788 2181 820 2240 et
852 2175 1063 2259 apostolicam
1090 2176 1357 2265 benedictionem.
1403 2180 1561 2245 Pervenit

281 2287 323 2350 ad
345 2307 404 2350 nos
428 2306 467 2348 ex
489 2285 681 2348 transmissa
705 2282 934 2365 conquestione
962 2281 1091 2346 abbatis
1119 2290 1153 2348 et
1180 2283 1317 2349 fratrum
1345 2284 1377 2350 S.
1401 2285 1559 2351 Iohannis

280 2391 516 2470 Laudunensis,
540 2389 636 2471 quod,
661 2411 733 2453 cum
747 2388 961 2472 ingelrannus
981 2388 1020 2452 de
1035 2387 1142 2454 Colcil
1165 2391 1231 2454 iam
1254 2391 1380 2475 pridem
1404 2392 1443 2456 de
1465 2414 1559 2457 man-

281 2501 358 2564 dato
381 2498 454 2583 piae
477 2495 709 2561 recordationis
733 2495 990 2579 praedecessoris
1017 2497 1121 2561 nostri
1143 2495 1325 2562 innocentii
1355 2519 1460 2582 papae
1482 2521 1559 2582 pro-

281 2611 353 2688 pter
376 2603 536 2686 quaedam
559 2604 631 2666 iura
654 2601 839 2685 praedictae
863 2603 1031 2684 ecclesiae,
1060 2623 1144 2684 quae
1172 2603 1283 2668 illicite
1310 2606 1457 2686 tenebat,
1488 2607 1560 2668 vin-

282 2712 353 2776 culo
381 2709 496 2774 fuisset
523 2709 862 2774 excommunicationis
893 2708 1046 2773 astrictus
1075 2715 1106 2772 et
1132 2709 1167 2773 in
1189 2715 1279 2774 terra
1301 2711 1370 2774 eius
1393 2710 1560 2774 interdicti

282 2817 444 2882 sententia
466 2815 544 2896 lata,
567 2814 699 2878 tandem
723 2814 805 2879 bone
833 2815 1007 2879 memoriae
1030 2814 1196 2880 Renaldus
1224 2816 1455 2899 praedecessor
1480 2821 1559 2882 tuus

281 2930 314 2988 et
336 2921 584 2986 Bartholomeus
610 2921 772 3003 quondam
795 2920 1020 2985 Landunensis
1054 2922 1223 3004 episcopus
1252 2943 1349 3004 super
1375 2923 1447 3004 hiis,
1473 2944 1559 3005 quae

280 3029 367 3093 idem
385 3027 599 3110 ingelrannus
623 3026 765 3108 tenebat,
791 3027 993 3091 amicabilem
1013 3027 1277 3110 compositionem
1301 3026 1455 3093 fecerunt.
1493 3027 1559 3092 Ve-

281 3157 353 3200 rum
377 3135 530 3218 quoniam
552 3133 712 3198 Radulfus
745 3131 831 3196 filius
863 3133 1022 3216 praedicti
1054 3133 1240 3216 ingelranni
1273 3155 1292 3197 a
1325 3135 1560 3218 compositione

281 3242 339 3306 illa
361 3241 485 3305 resilire
505 3240 679 3320 contendit,
703 3239 901 3303 fraternitati
918 3244 1045 3303 vestrae
1058 3260 1116 3322 per
1131 3241 1310 3323 apostolica
1328 3242 1448 3323 scripta
1467 3263 1560 3305 man-

283 3348 407 3428 damus,
432 3347 584 3429 quatinus
608 3345 745 3410 eundem
768 3344 945 3409 Radulfum
969 3345 1112 3410 studiose
1135 3348 1294 3411 moneatis
1325 3352 1358 3412 et
1385 3348 1559 3431 compella-

282 3455 334 3536 tis,
358 3461 395 3518 ut
417 3453 652 3536 praescriptam
671 3453 944 3535 compositionem,
965 3452 1049 3515 sicut
1067 3452 1153 3516 iacta
1172 3459 1222 3516 est
1240 3473 1347 3516 coram
1367 3454 1559 3536 praedeces·
1654 3463 1655 3466 ’

283 3582 355 3626 sore
368 3567 424 3625 tuo
439 3565 471 3624 et
490 3558 655 3642 praedicto
676 3560 825 3642 episcopo
839 3557 1049 3622 Laudunensi
1068 3563 1101 3622 et
1119 3560 1220 3641 ipsius
1235 3558 1421 3641 ingelranni
1435 3561 1560 3643 scripto

283 3667 446 3731 autentico
470 3665 633 3747 roborata,
657 3665 784 3729 firmam
808 3670 840 3728 et
862 3664 1021 3728 illibatam
1041 3664 1191 3729 observet
1209 3686 1268 3729 nec
1292 3671 1404 3730 contra
1428 3686 1499 3730 eam
1522 3667 1559 3730 in

283 3774 392 3856 aliquo
415 3773 522 3836 venire
545 3778 741 3856 praesumat.
788 3771 822 3836 Si
854 3792 929 3835 vero
962 3771 1031 3853 ipse
1064 3770 1114 3834 vel
1142 3792 1343 3836 successores
1371 3772 1421 3835 sui
1445 3779 1559 3837 contra

283 3881 417 3945 eandem
442 3879 705 3962 compositionem
733 3879 841 3942 venire
868 3877 1158 3960 praesumpserint,
1188 3878 1404 3961 appellatione
1432 3885 1559 3943 remota

282 3987 409 4051 vinculo
438 3985 777 4051 excommunicationis
797 3983 984 4065 astringatis
1008 3983 1092 4047 etin
1111 3988 1199 4047 terra
1222 4004 1333 4048 eornm
1353 3984 1460 4048 divina
1483 4007 1558 4069 pro-

283 4093 422 4158 hibeatis
446 4090 553 4157 officia
572 4092 738 4156 celebrari.
776 4091 899 4154 Datum
917 4089 1092 4153 Tusculani
1111 4087 1141 4152 V
1160 4087 1320 4155 Calendas
1339 4090 1559 4158 Novembris.²

375 4355 497 4412 1Hodie
519 4358 621 4427 Gouey.
705 4356 859 4426 ²Epistola
877 4363 927 4410 aut
946 4354 1014 4409 1178
1033 4362 1083 4409 aut
1102 4355 1171 4410 1180
1189 4356 1256 4410 data
1273 4362 1328 4424 est3
1356 4357 1474 4427 priorem
1493 4374 1559 4412 vero

284 4465 390 4503 annum
409 4447 487 4518 elegi,
506 4446 572 4517 quia
589 4445 619 4498 in
636 4444 760 4516 epistolis
778 4450 841 4515 post
857 4443 954 4499 concil.
970 4443 1155 4500 Lateranense
1174 4446 1262 4514 (1179,
1282 4444 1336 4500 vid.
1351 4444 1557 4516 JaffeRegcsta

284 4536 320 4592 ad
337 4537 420 4592 Mart.
435 4537 479 4601 tt)
504 4536 612 4606 scriptis
631 4534 737 4589 nomini
749 4533 884 4588 Willelmi
901 4533 1046 4588 &mensis
1064 4533 1167 4603 apponi
1184 4533 1275 4590 solent
1292 4532 1376 4588 verba
1393 4533 1475 4588 haec:
1495 4533 1558 4600 „tia

285 4624 313 4679 S.
333 4623 453 4679 Sabinae
471 4624 631 4695 presbytero
650 4622 811 4678 cardinali.“
