3284 5184
472 267 656 322 Ocnunsrmr
674 281 710 320 111
728 280 896 322 nrrsrousn
914 266 967 320 418
1293 252 1353 315 261

80 427 198 492 collata
211 428 328 492 fuisset
342 433 374 491 et
389 428 489 492 etiam
502 428 699 492 auctoritate
716 427 896 510 apostolica
910 426 1103 492 confirmata
1125 426 1262 491 dilectus
1272 426 1358 492 filius
1396 426 1480 486 1196

80 533 211 615 abbas1‚
236 534 293 616 qui
311 555 396 597 nunc
420 533 525 598 eidem
547 535 745 599 monasterio
769 541 909 618 praeest,
935 534 976 598 ad
999 534 1192 616 petitionem
1214 535 1359 617 ipsorum
1376 515 1436 574 Mal
1447 516 1497 574 22·

80 640 217 704 fratrum
240 639 365 704 fructus
389 640 524 704 ecclesie
547 639 714 723 praedicte
743 640 785 704 ad
815 661 925 704 eorum
948 661 1027 705 usus
1051 641 1199 723 proprios
1224 640 1359 723 deputa-

80 748 122 810 vit
141 753 185 829 et,
202 768 244 811 ne
260 747 380 812 donum
399 746 478 810 illud
497 752 609 829 posset
627 746 790 811 ullatenus
809 747 942 828 irritari,
963 768 1061 830 super
1077 746 1139 811 hoc
1156 747 1358 828 iuratoriam‚

81 855 162 918 sicut
186 855 320 934 dicitur,
348 852 515 936 praestitit
542 853 735 919 cautionem.
783 852 996 918 Postmodum
1019 874 1095 917 vero
1118 874 1218 935 pravo
1243 853 1359 918 ductus

79 961 223 1043 consilio,
249 966 363 1025 contra
385 959 610 1023 iusiurandum
632 960 742 1024 venire
765 980 830 1024 non
853 967 1010 1040 metuens,
1034 960 1068 1022 in
1091 960 1199 1023 anime
1223 981 1280 1024 sue
1303 981 1359 1043 pe-

80 1068 216 1131 riculum
249 1066 412 1151 quendam
444 1066 610 1147 clericum,
644 1064 816 1149 Symonem
848 1067 991 1147 nomine,
1025 1066 1059 1129 in
1091 1065 1226 1130 ecclesie
1255 1067 1358 1149 ipsius

79 1175 318 1256 possessionem
340 1173 497 1238 violenter
526 1173 668 1236 intrusit.
715 1171 870 1238 Volentes
894 1173 1003 1254 igitur,
1028 1172 1112 1235 sicut
1135 1177 1169 1236 et
1192 1172 1356 1256 debemus,

80 1281 328 1363 praedictorum
343 1278 481 1343 fratrum
504 1280 567 1342 iuri
591 1279 720 1362 adesse,
752 1280 941 1344 discretioni
967 1284 1074 1343 vestre
1096 1300 1155 1361 per
1178 1266 1358 1362 apostolica

79 1389 202 1471 scripta
221 1387 424 1467 mandamus,
449 1387 612 1468 quatinus,
631 1387 657 1450 si
673 1386 861 1469 praemissis
880 1385 1001 1449 veritas
1022 1384 1228 1468 suffragatur,
1249 1392 1357 1451 amoto

83 1516 100 1558 a
121 1494 294 1578 praedicta
322 1492 458 1557 ecclesia
487 1492 633 1573 quolibet
654 1492 768 1557 illicito
793 1492 974 1572 detentore,
1005 1492 1110 1574 ipsam
1134 1494 1358 1575 conquerent-

79 1600 152 1681 bus,
188 1599 320 1665 sublato
353 1598 580 1681 appellationis
609 1597 787 1680 obstaculo,
818 1620 891 1661 cum
914 1583 1073 1663 fructibus
1096 1598 1172 1663 inde
1194 1601 1357 1682 perceptis

81 1708 221 1788 restitui,
246 1707 330 1770 sicut
349 1706 471 1800 iustum
487 1704 594 1786 fuerit,
619 1703 758 1786 faciatis,
783 1704 880 1768 nullis
894 1705 1014 1768 litteris
1028 1705 1158 1769 veritati
1175 1711 1207 1769 et
1229 1707 1357 1772 iusticie

79 1813 313 1895 praeiudicium
346 1811 539 1876 facientibus
576 1833 596 1875 a
628 1811 703 1876 sede
736 1812 917 1895 apostolica
952 1812 1146 1893 impetratis.
1202 1810 1296 1893 Quod
1329 1815 1356 1877 si

80 1941 188 1986 omnes
213 1919 276 1983 hiis
299 1917 496 2001 exequendis
519 1918 731 2001 nequiveritis
750 1920 917 1999 interesse,
944 1917 1007 1982 duo
1026 1923 1169 1982 vestrum
1193 1939 1232 1982 ea
1254 1919 1355 1983 nichi-

79 2026 216 2090 lominus
250 2030 461 2107 exequantur.
508 2024 631 2089 Datum
657 2022 815 2090 Laterani
837 2023 889 2088 XI
911 2022 985 2088 Kal.
1016 2023 1116 2105 Iunii,
1146 2025 1355 2108 pontificatus

79 2133 180 2197 nostri
205 2153 291 2197 anno
315 2137 415 2196 sexto.

78 2347 157 2414 418.
194 2350 374 2410 Caelestinus
397 2348 448 2409 ΙΠ
475 2350 614 2408 mundns
645 2349 794 2408 centenam
826 2348 856 2408 S.
885 2348 1029 2408 Germani
1051 2349 1085 2408 de
1107 2349 1209 2408 Protis
1233 2350 1352 2428 (Poris.)

186 2457 288 2515 diebus
318 2456 497 2532 quibusdam
522 2456 712 2515 visitantibus
744 2474 910 2514 concessam
933 2455 969 2514 ab
992 2456 1160 2514 Alexandro
1182 2456 1234 2515 III
1255 2458 1354 2516 indui-

181 2564 314 2638 yentinnz
336 2562 442 2638 cipinti
463 2563 581 2622 diernm
602 2562 782 2648 confirmat.2

350 2683 467 2752 Autogr.
486 2681 516 2736 in
533 2680 631 2736 Tabul.
649 2686 707 2736 nat.
726 2680 812 2734 Paris.
831 2680 864 2735 L.
884 2681 936 2736 235
955 2698 983 2735 n.
1003 2679 1079 2736 16Ῑ”’Ι

162 2840 345 2906 Celestinus
369 2842 540 2924 episcopus
564 2862 674 2905 servus
694 2861 860 2906 servorum
874 2839 936 2904 Dei
959 2841 1118 2905 universis
1135 2841 1255 2907 Christi
1274 2842 1352 2908 fide·
1390 2851 1474 2910 1196

77 2946 156 3013 libus
191 2969 250 3031 per
281 2967 416 3029 regnum
448 2946 649 3013 Francorum
682 2947 868 3013 constitutis
901 2945 1040 3011 salutem
1074 2954 1107 3011 et
1139 2949 1351 3030 apostolicam
1370 2941 1491 3001 Mssfflss·

76 3052 342 3120 benedictionem.
390 3052 521 3118 Certum
551 3060 601 3118 est
631 3060 664 3118 et
695 3053 871 3117 multarum
903 3055 1138 3136 scripturarum
1165 3056 1351 3122 testimonio

77 3161 335 3244 comprobatum,
365 3161 506 3242 qualiter
532 3160 628 3225 beato
651 3159 751 3225 Petro
781 3159 923 3224 celorum
952 3160 1044 3242 regni
1068 3159 1228 3244 clavigero
1253 3161 1352 3227 domi-

78 3287 133 3332 nus
167 3288 207 3331 ac
233 3267 438 3349 redemptor·
469 3272 581 3331 noster
602 3265 717 3331 Ihesus
741 3263 889 3330 Christus
921 3265 1045 3348 ligandi
1077 3272 1176 3349 atque
1209 3268 1353 3333 solvendi

79 3373 207 3454 plenam
229 3373 346 3437 tribuit
368 3379 565 3456 potestatem
594 3372 658 3437 illis
681 3372 834 3455 precipue
861 3372 981 3453 verbis,
1011 3372 1129 3454 quibus
1152 3374 1279 3438 locutus
1303 3380 1353 3439 est

78 3477 197 3544 dicens:
226 3485 268 3543 ln
291 3503 321 3544 es
344 3485 450 3544 Petnes
472 3491 498 3544 et
515 3502 604 3560 sirper
625 3484 701 3542 banc
720 3483 840 3544 Petroni
862 3483 1002 3558 edificabo
1025 3485 1173 3543 ecclesiane
1195 3504 1303 3558 menne,
1327 3492 1352 3544 et

76 3593 275 3667 qnodmnnqne
297 3591 433 3666 innueris
455 3609 543 3666 snper
565 3597 683 3663 terrain,
707 3591 762 3649 erit
781 3590 921 3666 (insterni
944 3591 982 3668 e)t
999 3591 1034 3648 in
1051 3591 1129 3664 cetis,
1149 3598 1175 3650 et
1193 3592 1352 3667 quodcum-

77 3713 126 3771 que
147 3697 271 3756 solveris
293 3704 522 3772 superterram,
550 3698 604 3756 erit
622 3697 754 3757 solntnni
777 3703 803 3755 et
825 3696 860 3755 in
882 3696 975 3754 celis.8
1019 3690 1113 3756 Hanc
1137 3692 1272 3756 eandem
1295 3714 1351 3775 pc-

77 3803 226 3864 testatem
250 3799 374 3862 cunctis
407 3798 646 3864 successoribus
678 3799 746 3862 eius
778 3797 819 3861 ab
849 3797 962 3862 eodem
989 3798 1193 3881 redemptore
1221 3798 1350 3864 domino

77 3910 184 3970 nostro
208 3903 307 3969 finisse
331 3904 484 3970 collatam
508 3927 527 3968 a
549 3905 652 3985 nullo,
687 3904 743 3987 qui
767 3924 935 3967 sacrarum
957 3903 1079 3969 habeat
1100 3904 1351 3988 intelligentiam

78 4011 317 4094 scripturarum,
343 4012 503 4076 credimus
526 4011 678 4093 ignorari.
716 4010 768 4074 Ex
787 4009 966 4091 eademque
984 4015 1147 4092 potestate
1166 4011 1270 4091 nobie,
1295 4012 1350 4093 qui

77 4114 106 4178 in
132 4118 222 4182 beati
244 4117 335 4182 Petri
363 4116 519 4182 cathedra
551 4116 628 4182 licet
654 4116 779 4199 indigni
812 4117 1021 4197 accessimus
1055 4137 1075 4180 a
1107 4116 1224 4182 domno
1251 4116 1350 4182 llresu

78 4218 202 4289 Christo
225 4245 388 4306 concessa,
413 4245 486 4289 curn
510 4223 643 4289 ecclesie
668 4224 772 4287 sancti
796 4221 951 4288 Germani
974 4222 1162 4305 Parisiensi,
1189 4243 1253 4306 que
1275 4245 1348 4307 pro-

78 4329 141 4408 prie
165 4329 207 4394 ad
233 4331 284 4394 ius
312 4336 519 4397 sacrosancte
542 4329 688 4395 Romane
717 4329 851 4394 ecclesie
883 4329 1039 4412 pertinet,
1074 4327 1176 4394 felicis
1199 4329 1349 4395 recorda·

160 4496 172 4520 ⁸
190 4493 306 4556 redeptor
322 4503 414 4555 auteur.

161 4598 171 4626 ¹
189 4596 298 4651 Petrus.
372 4597 442 4652 ²ef.
462 4614 547 4667 supra
565 4614 607 4667 ep.
627 4597 688 4651 240.
763 4594 893 4650 ''Mattla
913 4596 956 4662 16,
976 4594 1009 4648 18
1028 4600 1056 4649 et
1075 4596 1117 4650 19.
