3296 5178
167 463 279 521 875111.

303 289 344 349 34
700 302 856 356 Ionruurs
875 317 934 358 v111
953 317 1122 358 urrsrouxu
1141 304 1175 358 59

387 464 437 528 De
461 469 568 526 cetero
592 462 771 544 relegentes
795 465 952 546 epistolae
975 470 1052 527 tuae
1071 469 1206 544 textum,
1226 463 1356 528 solitam
1375 485 1396 527 a
1412 463 1587 547 predeces-

300 570 427 634 soribus
450 571 515 632 tuis
540 569 608 633 sedi
632 569 819 651 apostolice,
845 572 897 634 cui
926 571 1035 635 diviua
1058 571 1165 653 gratia
1188 591 1370 652 prosumus,
1395 570 1587 634 exhibuisse

299 684 331 740 te
354 677 568 740 reverentiam
591 698 655 740 non
679 677 874 757 invenimus·
895 698 954 741 nec
973 678 1128 742 honorem
1149 676 1293 740 debitum
1313 676 1407 740 stab
1431 676 1586 742 omnibus

299 782 463 846 Christum
492 782 673 846 colentibus
706 782 802 848 beato
831 784 930 848 Petro
963 784 1093 866 scriptis
1125 803 1253 865 semper
1285 783 1431 847 oblatum
1463 784 1586 847 litteris

299 890 363 952 tuis
387 895 419 952 te
444 888 600 972 optulisse
629 890 759 954 minime
789 890 1068 973 deprehendimus.
1116 888 1323 972 Quapropter
1351 891 1586 973 omnipotentis

298 997 361 1060 Dei
384 997 618 1078 beatorumque
643 996 864 1078 apostolorum
880 998 970 1060 Petri
990 1003 1023 1061 et
1036 997 1132 1060 Pauli
1152 997 1347 1061 auctoritate
1366 996 1426 1061 tibi
1444 997 1585 1079 precipi-

264 1167 267 1174 ,
299 1125 380 1185 mus,
400 1110 437 1167 ut
455 1102 552 1166 utiles
572 1103 613 1167 ad
633 1125 691 1166 nos
711 1110 784 1167 tuos
804 1103 925 1185 dirigas
944 1105 1071 1184 missos
1092 1105 1148 1186 qui
1168 1103 1207 1167 de
1226 1109 1320 1167 tanta
1338 1104 1585 1185 presumptione

299 1219 397 1292 atque
429 1209 566 1274 audacia
600 1209 750 1274 idoneam
783 1209 914 1273 valeant
944 1212 1109 1274 racionem
1138 1210 1274 1274 reddere
1302 1216 1336 1274 et
1364 1208 1495 1291 dignam
1523 1231 1584 1291 pro

260 1401 262 1404 Ι
298 1324 330 1381 te
355 1316 611 1381 satisfactionem
635 1338 744 1380 coram
768 1317 971 1397 apostolatus
996 1318 1098 1381 nostri
1121 1318 1287 1399 presentia
1311 1315 1546 1380 demonstrare.

300 1642 360 1707 59.
386 1643 533 1702 Iohannes
561 1640 637 1699 VIII
659 1641 799 1716 episcopis
827 1641 1006 1716 Campaniae
1034 1648 1059 1700 et
1082 1642 1208 1717 Apuliae
1230 1641 1364 1714 nuntiat,
1392 1641 1585 1716 Landulfnm

393 1751 578 1825 Caprmnum,
598 1748 651 1824 qui
668 1766 736 1805 eum
756 1748 926 1806 Samacenis
944 1749 1046 1825 foedus
1064 1749 1174 1822 inierit,
1201 1747 1487 1807 excommunicatum
1511 1766 1582 1820 esse,

389 1857 460 1932 quia
483 1862 524 1914 ter
547 1855 585 1912 ad
611 1855 758 1930 synodum
789 1861 907 1912 uocatus
938 1856 1035 1914 uenire
1066 1855 1274 1930 conlnnpseril.
1320 1854 1392 1912 Nisi
1419 1872 1513 1929 usque
1543 1853 1584 1911 ad

388 1964 465 2021 diem
491 1963 532 2019 29
554 1980 593 2018 m.
618 1961 702 2018 Iunii
724 1961 757 2019 de
785 1961 901 2019 cliniis
927 1962 1104 2020 erimanthus
1131 1981 1192 2020 sese
1209 1961 1392 2036 pauperent,
1421 1961 1457 2018 ab
1480 1959 1582 2036 officio

389 2088 457 2128 eum
480 2086 658 2143 mspensnm
680 2067 730 2139 iri,
755 2068 913 2126 minatur.¹

390 2188 459 2243 Coll.
478 2187 546 2241 Brit.
566 2187 626 2241 Ioh.
646 2203 688 2256 ep.
700 2187 742 2250 54,
761 2187 790 2239 in
810 2186 868 2240 cod.
885 2187 957 2242 Mus.
972 2189 1040 2242 Brit.
1051 2187 1123 2242 Add.
1134 2189 1206 2242 8873
1225 2205 1245 2242 s.
1257 2201 1305 2241 ΧΠ
1322 2188 1359 2241 in.
1372 2185 1418 2240 fol.
1431 2187 1490 2240 136.

390 2348 561 2431 Episcopis
586 2345 783 2428 Campaniae
807 2352 840 2410 et
863 2348 1032 2429 Apuliae.²
1073 2347 1184 2412 Sancti
1207 2347 1321 2411 Niceni
1345 2346 1492 2411 conciliib
1516 2351 1581 2408 sta·

301 2461 406 2519 tutum
432 2453 582 2536 capitulis
607 2474 687 2533 esse,
712 2459 821 2517 restra
845 2454 1002 2518 sanctitas
1022 2455 1120 2535 novit,
1149 2454 1219 2535 hoS,
1245 2455 1299 2535 qui
1319 2452 1514 2531 abiciuntur,
1540 2451 1581 2514 ab

301 2562 374 2626 aliis
397 2561 498 2642 recipi
522 2582 586 2624 uon
611 2558 742 2640 debere,
772 2566 805 2624 et
827 2560 899 2624 ideo
924 2560 1129 2625 dilectionem
1153 2566 1294 2625 vestram
1318 2559 1467 2624 nolumus
1491 2559 1581 2640 igno·

299 2689 384 2748 rare,
408 2665 606 2730 Landulfum
633 2665 849 2729 venerabilem
865 2665 1054 2748 Capuanum
1074 2669 1261 2749 episcopum
1281 2688 1301 2730 a
1324 2665 1416 2730 nobis
1442 2664 1484 2728 ad
1509 2686 1581 2748 syu-

301 2775 397 2839 odum
411 2795 470 2855 pro
489 2772 624 2835 diversis
648 2774 896 2837 necessitatibus
921 2778 1032 2837 sancte
1049 2774 1111 2838 Dei
1135 2774 1312 2838 aecclesiae
1332 2779 1365 2837 et
1379 2772 1520 2836 maxime
1535 2779 1580 2852 ut,

301 2881 386 2962 quod
407 2890 497 2944 011111θ
507 2878 746 2943 nefandissimis
757 2879 945 2944 Sarracenis
960 2881 1092 2962 pepigit,
1108 2881 1238 2944 monitis
1249 2879 1369 2944 nostris
1380 2877 1580 2957 dissolveret,

301 2989 397 3051 tertio
421 2987 618 3068 permissos
642 2991 675 3049 et
707 2986 877 3068 epistolam
901 2992 1047 3050 nostram
1075 2993 1239 3066 vocatum,
1269 2987 1346 3068 quia
1373 2986 1481 3048 venire
1507 3007 1581 3049 con-

300 3094 443 3176 tempsit,
469 3113 489 3154 a
513 3113 646 3174 corpore
671 3098 703 3155 ct
727 3094 882 3174 sanguine
906 3092 1038 3157 Domini
1060 3093 1163 3156 nostri
1182 3092 1258 3156 Iesu
1278 3091 1398 3156 Christi
1421 3091 1472 3155 vel
1495 3113 1581 3156 com·
1615 3121 1618 3128 ’

301 3201 452 3264 munione
473 3197 692 3262 ecclesiastica
712 3219 782 3262 esse
801 3200 974 3281 privatum,
999 3220 1167 3279 quousque
1191 3198 1341 3261 videlicet
1359 3219 1467 3263 coram
1487 3200 1580 3263 nobis

301 3308 431 3371 veniens
456 3305 548 3368 fedus
577 3326 649 3367 cum
678 3305 798 3368 eisdem
824 3303 1011 3369 Sarracenis
1039 3304 1187 3368 habitum
1216 3306 1344 3369 omniuo
1369 3303 1527 3369 dissolvat
1551 3311 1581 3369 et

303 3414 341 3478 de
366 3412 427 3476 sibi
452 3411 586 3476 obiectis
611 3411 742 3492 diguam
767 3411 1020 3475 satisfactionem
1046 3410 1206 3475 exhibeat.
1253 3409 1311 3474 Cui
1330 3409 1581 3494 interim'usquc

302 3521 335 3583 in
358 3518 467 3582 natale
492 3517 732 3598 apostolorum²
764 3519 858 3581 istius
882 3524 994 3582 octavo
1025 3517 1239 3597 indictionisss,
1274 3539 1337 3598 quo
1366 3523 1399 3580 et
1425 3538 1580 3599 peragere

303 3625 441 3704 studeat,
461 3623 607 3686 inducias
628 3623 784 3703 dedimus,
806 3629 995 3704 statuentes,
1015 3630 1052 3686 ut
1071 3624 1098 3686 si
1117 3644 1220 3706 usque
1239 3630 1316 3687 tunc
1336 3646 1467 3688 causam
1488 3647 1580 3688 suam

302 3753 366 3795 non
385 3730 557 3813 peregerit,
582 3730 716 3810 noverit,
738 3751 772 3793 se
791 3730 832 3794 ab
853 3731 940 3794 omni
960 3730 1154 3794 sacerdotali
1173 3731 1355 3795 ministerio
1375 3736 1581 3811 sequestran-

303 3837 380 3900 dum
404 3843 436 3900 et
460 3836 676 3899 anathematis
700 3836 836 3899 vinculis
860 3836 1090 3917 innodandum,
1115 3836 1162 3899 ita
1185 3842 1221 3900 ut
1244 3858 1451 3918 nequaquam
1474 3837 1581 3902 locum

303 3943 535 4007 satisfactionis
559 3949 616 4006 aut
640 3964 729 4024 spem
758 3942 887 4006 futurae
920 3943 1139 4007 restitucionis
1170 3944 1322 4006 inveniat.
1365 3942 1492 4008 Idcirco
1516 3965 1581 4008 mo·
1631 4015 1632 4037 χ

303 4071 426 4129 nemus,
446 4055 483 4112 ut
506 4070 599 4113 nemo
628 4055 770 4112 vestrum
800 4048 945 4130 prefatod
969 4050 1120 4130 episcopo
1143 4051 1381 4114 communicare
1404 4056 1580 4132 presumat,

303 4179 343 4222 ne
364 4178 436 4221 cum
456 4177 493 4220 eo
512 4155 585 4238 pari
600 4156 931 4220 excommunicatione
945 4155 1121 4218 teneamini
1137 4155 1290 4237 colligati,
1310 4155 1582 4237 quemadmodum

303 4265 388 4328 sacri
412 4283 550 4326 canones
575 4266 732 4324 statuunt.

391 4448 403 4472 ¹
421 4445 597 4504 Iracmnptionem
614 4446 712 4490 restitum
730 4445 817 4490 Erruld
834 4446 858 4490 in
873 4446 948 4491 Narem
965 4447 1052 4491 Archia
1067 4446 1091 4490 V.
1106 4443 1166 4491 315.
1185 4447 1273 4504 Br'slrop
1291 4447 1346 4504 legit
1364 4444 1412 4506 Epi
1424 4479 1504 4494 .....
1514 4445 1540 4492 in
1553 4447 1581 4505 (l)

304 4548 333 4580 ac
344 4569 420 4580 .....
435 4536 459 4580 et
477 4547 510 4594 sp
521 4567 600 4581 .....
674 4526 686 4558 b
705 4531 808 4579 concelii
828 4549 848 4578 r.
921 4536 931 4558 ⁰
950 4547 1007 4579 oum
1026 4535 1119 4580 addidi.
1193 4527 1204 4558 ‘¹
1224 4533 1301 4594 pfato.

396 4637 403 4665 ¹
423 4635 464 4688 Cf.
483 4634 557 4690 leffe
575 4633 617 4687 ed.
637 4651 689 4688 sec.
709 4634 786 4688 3016.
861 4635 871 4664 ²
891 4635 952 4688 lun.
973 4635 1014 4689 29.
1089 4635 1133 4688 ³i.
1154 4651 1176 4688 e.
1195 4635 1260 4688 anni
1280 4635 1340 4688 Sis).
