3336 5184
264 285 325 348 100
675 298 810 353 Euenum
828 311 865 352 111
883 311 1050 354 1611616616
1070 299 1122 354 194

139 461 223 520 1146
260 460 357 525 116616
381 465 414 524 61
436 459 601 540 nequitiae
624 479 680 522 166
703 458 791 541 16666
815 457 1038 522 constituitis·
1083 455 1168 540 Quia
1191 459 1291 541 igitur
1313 459 1417 524 nostri
1440 459 1541 524 officii

112 552 199 610 Mari·
213 553 241 610 ⁶·
261 565 430 648 estmale
453 570 528 630 6616
551 565 712 646 corrigere
740 569 773 628 et
796 563 934 628 fratrum
958 570 1143 630 nostrorum
1164 565 1253 630 'bene
1281 571 1374 648 gesta
1396 565 1540 646 firmare,

261 671 397 738 eandem
430 670 795 736 excommunicationem
826 669 860 732 in
886 669 994 752 ipsum
1021 669 1059 735 Β.
1084 678 1117 736 61
1147 671 1321 754 complices
1344 693 1419 737 suos
1443 693 1540 738 cano-

260 780 332 844 nice
351 773 594 861 'promulgatam
624 776 933 859 sedisapostolicae
961 779 1157 842 auctoritate
1185 777 1353 842 firmamus
1377 785 1410 844 et
1432 784 1541 843 ratam

261 905 393 950 manere
416 905 594 950 censemur.
640 882 742 948 Vobis
774 888 884 946 autem
907 883 1136 966 praecipiendo
1158 885 1366 967 mandamus,
1394 884 1541 950 6116116

262 992 357 1073 diem,
381 1011 478 1073 quem
501 988 722 1054 016616666616
745 988 848 1054 abbas
872 1009 931 1053 seu
947 988 1180 1072 Moysiacensis
1202 991 1295 1056 vobis
1318 989 1540 1074 praefixerint,

260 1099 352 1164 iuxta
384 1098 552 1179 antiquam
585 1095 850 1161 consuetudinem
888 1100 921 1159 et
952 1095 1193 1178 privilegiorum
1224 1097 1309 1162 sedis
1341 1098 1541 1181 apostolicae

261 1211 407 1270 tenorem
431 1203 470 1267 de
484 1202 692 1267 Moisiacensi
715 1207 874 1266 66616616
892 1201 984 1266 vobis
1003 1201 1158 1267 abbatem
1177 1202 1380 1269 concorditer
1399 1204 1539 1286 eligatis.

261 1310 385 1376 Datum
407 1308 642 1373 Transtiberim
666 1307 807 1373 secundo
829 1307 941 1373 Nonas
963 1307 1085 1372 Martii.

792 1453 1006 1462 -ῄ-...Μ

261 1543 345 1610 194.
374 1545 527 1620 1111666166
548 1544 600 1604 ΙΙΙ
617 1546 817 1621 saffrepcacos
835 1543 965 1604 ecolesma
979 1543 1133 1602 Rameasc's
1150 1541 1292 1618 16116161,
1312 1551 1346 1604 61
1362 1545 1541 1605 Ausetanum

375 1653 582 1710 Toraeoeascm
609 1655 762 1727 tamquam
783 1649 906 1726 fratrem
933 1656 959 1709 61
981 1649 1181 1725 coepiscopum
1203 1649 1328 1726 dilipoot
1349 1671 1418 1711 6666
1445 1671 1465 1710 a
1490 1651 1540 1712 Si-

372 1775 458 1817 mone
480 1757 610 1833 episcopo
633 1756 827 1815 Nociomeasa’
847 1756 1008 1833 1666161611
1030 1775 1099 1815 eam
1121 1757 1231 1816 616661.

452 1875 523 1931 Bibl.
543 1881 599 1930 nat.
618 1875 705 1930 Paris.
724 1892 775 1929 ms.
794 1875 842 1930 161.
863 1874 949 1930 16992
967 1873 1014 1930 fol.
1033 1875 1187 1930 88161666
1205 1873 1343 1932 Martenii.

125 2031 210 2090 1146
350 2018 516 2101 Eugenius
536 2018 706 2101 episcopus
726 2037 837 2080 661166
857 2039 1024 2082 servorum
1042 2017 1105 2082 Dei
1123 2018 1362 2084 venerabilibus
1382 2019 1540 2084 fratribus

90 2120 241 2181 Martio.
260 2126 430 2192 Remensis
452 2124 611 2189 ecclesiae
640 2122 852 2204 suffraganeis
881 2124 1019 2188 salutem
1049 2129 1081 2188 61
1104 2124 1317 2207 apostolicam
1340 2126 1540 2192 benedictio-

262 2255 344 2298 nem.
383 2230 621 2296 Praedecessor
638 2236 748 2294 noster
767 2228 870 2315 felicis
889 2230 1063 2295 memoriae
1086 2251 1173 2314 papa
1195 2229 1405 2298 Innocentius
1412 2238 1437 2315 ,1
1460 2241 1542 2316 quot

262 2341 443 2405 animarum
476 2342 509 2400 et
537 2357 708 2419 corporum
737 2335 856 2399 damna
885 2340 917 2399 et
947 2336 1092 2419 pericula
1115 2337 1149 2401 in
1171 2338 1295 2421 proprii
1317 2340 1459 2422 pastoris
1483 2339 1541 2404 ab·

262 2446 366 2511 sentia
389 2442 605 2508 Tornacensis
636 2441 775 2526 populus
803 2441 998 2524 incurreret,
1031 2463 1090 2525 per
1116 2444 1284 2525 religiosos
1312 2445 1398 2510 11166
1422 2466 1541 2528 cogno-

262 2573 364 2633 66666,
388 2548 554 2615 161166116
578 2569 747 2613 occurrere
766 2547 909 2612 decrevit
932 2552 965 2611 et
983 2549 1172 2614 eanonicam
1196 2550 1386 2617 eiectionem
1411 2550 1482 2617 fieri
1505 2552 1540 2615 in

263 2657 401 2723 66616616
418 2655 617 2721 1616666661
639 2655 816 2737 616666611.
854 2652 919 2718 Sed
938 2653 1025 2736 quia,
1045 2653 1180 2720 dirersis
1200 2657 1306 2722 causis
1325 2657 1541 2723 intervenien-

262 2764 360 2846 tibus,
384 2767 512 2827 tontum
535 2760 656 2826 bonum
678 2761 823 2844 tempore
848 2781 906 2825 666
930 2762 1149 2826 consummari
1170 2783 1235 2826 non
1257 2764 1378 2846 potuit,
1412 2765 1541 2829 66611-

261 2892 371 2935 rorum
394 2869 618 2952 religiosorum
641 2872 674 2931 et
697 2866 909 2931 discretorum
932 2866 1083 2948 precibus
1107 2873 1140 2932 61
1162 2868 1285 2932 crebris
1309 2868 1542 2936 exhortationi-

262 2976 323 3041 bus
346 2976 482 3057 incitati,
506 2973 593 3057 quod
617 2973 659 3038 ab
682 2974 753 3056 ipso
776 2974 941 3055 inceptum
969 2963 1019 3037 661
1041 2972 1180 3039 Domino
1209 2979 1341 3040 auctore
1368 2975 1542 3059 complevi-

262 3105 334 3147 mus
357 3087 455 3164 atque
475 3079 629 3145 dilectum
647 3078 750 3144 filium
769 3085 917 3144 66611616
931 3079 1145 3166 A(nselmum)
1160 3079 1314 3145 abbatem
1328 3080 1359 3146 S.
1375 3080 1543 3146 Vincentii

244 3188 499 3269 ,Laudunensis
524 3187 657 3270 spiritus
678 3186 783 3250 666611
805 3185 913 3268 gratia
931 3185 1091 3268 16166616,
1111 3187 1145 3250 16
1159 3186 1398 3252 Tornacensem
1417 3189 1542 3271 episco-

261 3318 339 3380 6166
363 3294 647 3360 66666616116166.2
684 3290 769 3373 Quia
787 3291 887 3373 igitur
905 3289 1068 3374 particeps
1087 3292 1246 3357 mercedis
1265 3293 1386 3376 existit,
1410 3295 1466 3376 qui
1484 3294 1542 3360 bo·

262 3424 377 3468 norum
401 3421 534 3485 operum
558 3420 591 3463 se
615 3397 798 3481 adjutorem
816 3397 962 3481 praebet,
986 3419 1045 3481 per
1063 3398 1243 3481 apostolica
1269 3400 1391 3483 scripta
1414 3401 1542 3465 univer-

262 3508 393 3572 sitatem
416 3512 558 3571 vestram
581 3525 747 3587 rogamus
770 3524 939 3569 monemus
967 3508 1000 3568 61
1022 3503 1182 3570 monendo
1204 3505 1437 3589 praecipimuS,
1461 3529 1542 3590 qua

262 3618 357 3677 tenus
381 3613 488 3696 ipsum
510 3617 679 3692 tamquam
702 3610 837 3676 fratrem
860 3616 893 3674 et
916 3611 1143 3694 coepiscopum
1170 3615 1314 3675 vestrum
1342 3611 1484 3696 diligatis
1508 3619 1544 3678 et

262 3719 427 3784 honoretis
451 3724 484 3782 et
507 3719 540 3781 in
560 3717 626 3782 suis
646 3716 922 3801 oportunitatibus
941 3717 1084 3800 opemei
1103 3723 1136 3782 et
1155 3717 1326 3783 consilium
1344 3719 1541 3802 praebeatis.

263 3822 299 3890 Si
321 3845 397 3889 vero
421 3823 522 3888 frater
549 3829 660 3889 666161
682 3822 817 3909 8111666)
840 3822 1063 3888 Ν61161666616
1092 3824 1263 3908 661666666
1290 3845 1365 3889 6616
1392 3824 1443 3889 161
1466 3846 1543 3890 suos

263 3952 321 4015 per
345 3951 379 3996 66
403 3930 470 3994 6116
493 3950 551 4013 661
583 3930 789 3995 summissam
819 3950 992 4012 personam
1022 3951 1139 3996 vexare
1166 3928 1219 3995 rel
1241 3930 1425 4013 inquietare
1447 3950 1542 4015 6166-

263 4037 452 4120 sumpserit,
476 4056 639 4102 unacum
661 4035 839 4100 venerabili
861 4035 962 4101 fratre
984 4042 1096 4102 nostro
1120 4036 1291 4122 Stamsoni)
1314 4035 1467 4103 Remensi
1490 4057 1543 4102 61-

263 4143 469 4227 chiepiscopo
492 4142 598 4224 ipsum
622 4146 753 4206 616616
770 4142 1035 4226 praesumptione
1057 4142 1204 4208 districte
1230 4141 1387 4209 desistere
1407 4144 1543 4226 cogatis.

264 4249 353 4314 Data
371 4255 463 4316 11666
486 4247 641 4332 Tyberim
663 4247 776 4312 idibus
799 4248 922 4314 Martii.

353 4435 365 4458 ⁸
383 4430 459 4479 socios
477 4439 519 4478 aar
536 4428 672 4493 participes
689 4439 730 4477 aar
747 4432 822 4477 simile
839 4433 931 4478 veroum
949 4432 1059 4479 aaran
1073 4439 1146 4492 parer.

356 4532 365 4561 ¹
384 4531 422 4585 II.
496 4531 569 4586 'die
589 4532 631 4587 10.
650 4531 743 4598 Mart,
761 4530 824 4586 vide
835 4531 919 4592 ,Hist
928 4533 1044 4587 1611166.
1062 4532 1093 4587 L.
1113 4532 1165 4587 IV.
1184 4535 1236 4588 66
1255 4533 1284 4588 16
1302 4531 1370 4588 MG.
1390 4531 1440 4589 SS.
1459 4532 1545 4588 XIV.

267 4619 329 4686 345,
347 4619 396 4674 ubi
412 4637 556 4692 perperam
575 4619 635 4675 dies
654 4619 696 4676 25.
715 4619 798 4676 Mart.
818 4637 964 4691 annusque
985 4623 1051 4676 1145
1071 4627 1191 4677 6616161.
