3336 5184
289 281 351 344 146
673 298 863 366 Annxnnnnr
881 310 918 350 111
936 309 1103 352 mrsromn
1123 298 1174 352 259

167 453 249 512 1175
288 463 442 538 strarunt,
467 456 553 538 quod
577 478 650 520 cum
672 457 735 539 ipsi
758 457 869 522 villam
892 456 932 521 de
956 455 1080 540 Solaco,
1109 479 1218 523 servos
1238 462 1271 522 et
1289 456 1434 537 ancillas,
1458 462 1570 539 prata,

138 542 204 602 Iun·
217 544 267 602 25·
288 564 396 645 silvaS,
419 564 615 646 piscationes
639 567 672 626 et
695 563 855 644 quaedam
886 563 951 628 alia
980 564 1020 628 de
1044 563 1127 629 dono
1151 562 1308 627 Willelmi
1337 563 1464 628 comitis
1488 561 1570 626 fuis·

288 675 360 735 sent
383 670 502 752 adepti,
527 668 734 733 Senebrunus
759 670 798 734 de
813 669 934 753 Sparra
952 671 1056 734 multa
1075 691 1114 734 ex
1137 669 1188 734 his
1216 689 1375 751 occupare
1398 689 1570 750 praesum-

287 777 364 860 psit,¹
394 796 477 858 quae
510 782 623 840 contra
650 781 775 840 rectum
799 782 831 842 et
853 777 1013 840 iustitiam
1037 775 1160 840 detinet
1190 781 1357 858 occupata.
1405 773 1570 856 Quoniam

286 885 386 965 igitur
409 882 619 946 ecclesiarum
641 882 714 946 iura
738 903 758 946 a
782 883 944 947 violentiis
962 883 1178 965 malignorum
1197 882 1377 965 apostolica
1394 903 1453 947 nos
1473 881 1571 946 decet

287 989 485 1054 authoritate
504 987 685 1068 defendere,
706 988 892 1054 discretioni
911 995 1038 1053 vestrae
1061 1010 1119 1072 per
1138 989 1318 1072 apostolica
1338 989 1459 1070 scripta
1473 1009 1571 1071 prae-

288 1096 434 1179 cipiendo
457 1096 663 1176 mandamns,
697 1096 849 1177 quatinus
881 1095 1065 1178 praefatum
1095 1097 1200 1159 virum
1230 1115 1361 1160 monere
1390 1097 1510 1159 curetis
1535 1100 1571 1158 ct

287 1202 457 1284 diligenter
479 1203 652 1283 inducatis,
676 1207 713 1265 ut
735 1201 910 1284 praedictis
930 1200 1085 1265 fratribus
1105 1201 1217 1266 ablata
1240 1201 1349 1266 omnia
1373 1222 1412 1265 ex
1434 1201 1568 1283 integri·

286 1314 355 1372 1010
377 1310 532 1373 1001111101
555 1314 587 1372 01
609 1310 643 1372 in
670 1328 751 1390 pace
779 1307 923 1371 dimittat
953 1314 1011 1371 aut
1037 1309 1116 1390 ipsis
1140 1307 1255 1372 exinde
1280 1357 1431 1371 ......
1438 1316 1451 1346 ⁸
1474 1307 1568 1371 vobis

286 1415 430 1480 iustitiae
445 1437 509 1480 non
524 1414 652 1479 differat
665 1413 899 1496 plenitudinem
918 1413 1080 1478 exhibere.
1118 1412 1153 1479 Si
1176 1435 1251 1478 vero
1275 1419 1428 1477 nentrum
1450 1412 1568 1478 horum

287 1522 410 1603 fecerit,
433 1523 467 1585 in
490 1528 579 1585 terra
606 1522 675 1584 eius
705 1520 960 1586 contradictione
983 1526 1016 1585 01
1039 1520 1257 1603 appellatione
1286 1525 1434 1584 cessante
1457 1519 1569 1584 divina

286 1628 486 1711 prohibeatis
501 1625 608 1692 officia
627 1625 785 1690 celebrari
804 1632 846 1708 et,
867 1629 894 1691 si
913 1649 972 1692 nec
992 1629 1038 1692 sic
1060 1626 1243 1709 resipuerit,
1267 1647 1440 1708 personam
1463 1626 1568 1708 ipsius

286 1734 414 1800 vinculo
439 1733 655 1798 anathematis
679 1733 877 1815 astringatis.
916 1733 1018 1800 Porro
1042 1734 1070 1797 si
1093 1739 1230 1813 uterque
1253 1738 1397 1796 vestrum
1419 1731 1469 1796 his
1493 1753 1567 1795 exe-

287 1842 424 1924 quendis
448 1861 513 1904 non
535 1841 678 1922 potuerit
705 1839 833 1919 adesse,
863 1839 946 1903 alter
977 1839 1131 1903 adhibitis
1161 1839 1223 1903 sibi
1250 1839 1328 1902 viris
1351 1837 1568 1921 prudentibus

288 1954 321 2013 et
342 1947 487 2013 honestis
511 1946 721 2010 nihilominus
745 1951 934 2027 exequatur.
971 1945 1094 2010 Datum
1112 1943 1281 2010 Ferentini
1300 1943 1366 2008 VH
1383 1944 1458 2008 Kal.
1478 1943 1567 2007 lulii.

288 2357 375 2424 259.
399 2359 562 2419 Ahmadan
584 2358 636 2417 111
658 2359 787 2435 episcopo
810 2357 1003 2417 Noviomensi
1031 2364 1058 2417 et
1083 2359 1188 2418 010000
1214 2360 1244 2420 S.
1272 2359 1412 2429 Quintini
1433 2357 1579 2430 modat,

399 2485 436 2524 00
458 2467 493 2524 Α.
517 2466 663 2541 quendam
686 2465 721 2523 ab
740 2465 837 2523 abbata
855 2465 1078 2523 Ribornontcnsa'
1099 2481 1226 2524 usuram
1243 2466 1388 2542 roquirere
1400 2465 1568 2540 potiantur.

413 2584 449 2638 In
461 2583 548 2638 tabul.
561 2589 619 2638 nat.
630 2584 716 2638 Paris.
726 2583 824 2638 cartul.
835 2582 1049 2637 Ribomontensi
1058 2601 1079 2637 s.
1090 2597 1158 2638 xm.
1172 2584 1228 2638 LL.
1241 2585 1310 2640 1015
1323 2585 1369 2640 101.
1381 2584 1436 2640 18¹².

114 2758 269 2817 1160-76
377 2743 562 2807 Alexander
585 2743 755 2826 episcopus
788 2763 898 2806 servus
932 2763 1097 2808 servorum
1119 2744 1183 2808 Dei
1214 2745 1391 2809 venerabili
1414 2743 1567 2808 fratri..

138 2848 206 2907 11111.
219 2848 247 2906 5·
288 2849 495 2915 Noviomensi
523 2850 674 2932 episcopo
698 2854 731 2914 et
754 2849 871 2913 dilecto
894 2847 1017 2913 filio..
1043 2849 1164 2914 decano
1188 2849 1220 2915 S.
1248 2845 1396 2932 Quintini
1429 2851 1568 2915 salntem

289 2962 322 3020 et
352 2956 564 3038 apostolicam
596 2955 862 3020 benedictionem.
909 2954 961 3018 Ex
992 2962 1085 3037 00110
1118 2957 1248 3022 abbatis
1282 2959 1387 3022 sancti
1417 2956 1568 3022 Nicholai
1655 3037 1657 3046 Ι

289 3062 329 3128 de
351 3062 461 3126 Pratis
494 3062 690 3144 accepimus,
724 3061 820 3142 quod,
855 3083 927 3125 cum
950 3060 990 3124 A.
1020 3063 1050 3125 ei
1074 3063 1237 3145 quondam
1261 3070 1384 3128 certam
1408 3083 1568 3128 summam
1656 3117 1657 3120 ,

288 3169 424 3251 pecunie
447 3173 642 3250 mutuasset,
671 3167 774 3232 abbas
801 3168 851 3232 illi
873 3189 932 3250 pro
956 3189 1055 3232 usura
1079 3168 1189 3234 decem
1216 3170 1341 3237 modios
1366 3190 1466 3234 avene
1489 3168 1568 3232 dare

289 3276 447 3339 convenit.
494 3274 639 3339 Tandem
670 3280 779 3338 autem
807 3295 881 3338 cnm
904 3275 1104 3356 contigisset,
1129 3275 1267 3340 eundem
1290 3275 1331 3340 A.
1355 3276 1497 3360 graviter
1520 3276 1568 3338 in-

289 3378 421 3462 firmari,
455 3382 524 3463 ipse
546 3381 726 3463 penitentia
749 3381 865 3444 ductus
888 3401 1000 3462 usuro,
1033 3402 1131 3462 quam
1160 3387 1330 3464 statuerat,
1359 3383 1568 3464 renuntiavit,

290 3507 426 3569 cumque
458 3487 499 3551 ab
532 3487 720 3551 infirmitate
753 3487 979 3567 convaluisset,
1012 3487 1182 3552 immemor
1204 3487 1289 3552 10010
1318 3490 1569 3554 renuntiationis

289 3593 483 3676 prelibatam
506 3615 639 3657 usuram
662 3593 808 3676 improbe
831 3593 1008 3675 requisivit.
1056 3591 1207 3658 Ceterum
1235 3596 1388 3676 quoniam
1416 3596 1463 3660 rei
1486 3597 1569 3660 veri-

289 3705 340 3763 tas
365 3699 458 3764 nobis
482 3721 546 3764 non
570 3705 706 3780 constat,
731 3699 918 3763 discretioni
936 3704 1043 3762 vestre
1066 3720 1124 3781 per
1147 3701 1327 3782 apostolica
1351 3703 1473 3785 scripta
1496 3723 1569 3784 pre-

290 3804 437 3888 cipiendo
460 3806 667 3888 mandamus,
701 3807 853 3887 quatinus
876 3825 945 3868 rem
968 3806 1074 3888 ipsam
1097 3804 1269 3886 diligenter
1296 3813 1329 3870 et
1356 3808 1493 3873 sollicite
1520 3809 1569 3872 in-

290 3912 427 3994 quiratis
452 3917 493 3993 et,
518 3913 546 3975 si
569 3913 616 3976 ita
640 3933 711 3976 esse
734 3912 932 3993 inveneritis,
957 3933 1030 3975 cum
1048 3912 1185 3976 mortale
1210 3913 1253 3976 sit
1275 3919 1309 3976 et
1327 3914 1474 3996 iniquum
1492 3936 1569 3979 usu-

237 4015 239 4018 ’
290 4040 343 4082 100
368 4018 505 4100 exigere,
530 4017 656 4100 prefato
679 4014 1091 4082 assumamusque
1115 4017 1332 4084 anathematis
1356 4020 1569 4103 prohibeatis,

289 4145 330 4189 ne
354 4146 374 4189 a
396 4124 541 4207 predicto
566 4123 685 4187 abbate
708 4124 922 4207 prescriptam
947 4145 1078 4187 usuram
1101 4123 1238 4188 ulterius
1266 4127 1412 4207 requirat
1434 4132 1492 4192 aut
1515 4149 1568 4192 ex-

290 4231 364 4296 inde
388 4231 532 4313 aliquam
556 4229 618 4293 sibi
641 4229 825 4294 molestiam
850 4229 959 4294 faciat.
998 4228 1092 4311 Quod
1111 4231 1139 4294 si
1157 4231 1409 4313 prohibitionem
1427 4240 1570 4298 vestram

291 4336 464 4402 observare
496 4335 650 4416 noluerit,
683 4337 790 4417 ipsum
817 4341 940 4401 remoto
969 4336 1195 4419 appellationis
1233 4337 1401 4406 obstaculo
1432 4361 1570 4405 censura

292 4442 512 4508 ecclesiastica
535 4442 730 4526 percellatis.
776 4440 900 4506 Datum
923 4443 1092 4524 Anagniae
1114 4442 1196 4508 Non.
1221 4443 1316 4510 Iunii.

381 4626 393 4649 ¹
411 4625 497 4670 100000
514 4640 567 4672 0000
586 4623 760 4687 praesentibus
777 4625 814 4672 001
831 4638 914 4672 coram
933 4626 1062 4686 supplenda
1079 4625 1177 4674 uidetur,
