3296 5178
292 279 332 341 10
376 341 378 345 ,
684 294 812 350 Gunasn
829 308 842 348 1
860 307 1028 349 emenonis
1057 296 1098 350 19.
1128 295 1162 350 20

197 469 269 527 496.
289 455 339 518 nis
362 454 574 520 continentia.
591 454 689 518 alieni
720 455 799 518 iuris
833 454 995 537 dyocesim
1027 454 1135 520 nullus
1165 455 1285 519 audeat
1307 455 1453 538 quolibet
1481 477 1568 520 eom-

289 567 407 643 ment0‚
433 561 579 644 qualibet
601 560 714 625 fraude
737 560 925 644 pervadere.

288 829 345 897 19.
384 833 520 892 Gelestae
534 833 555 891 Ι
567 832 690 891 Ioeoado
709 833 838 908 episeopo
855 833 963 906 scibit,
983 852 1014 891 se
1027 831 1195 905 mandasse,
1218 837 1252 890 at
1268 831 1441 908 Stephanae,
1465 840 1570 893 contra

377 939 507 1014 requiam
530 939 601 998 alibi
622 940 719 1015 saetae
741 938 891 1012 diaconae,
915 939 954 998 ad
970 939 1127 1012 molestam,
1152 939 1187 997 in
1202 957 1261 1015 qna
1274 939 1427 998 ordinatas
1449 939 1567 1016 fnisset,

376 1045 480 1104 rediret
483 1066 497 1119 ,·
515 1037 582 1104 'oete
1266 1127 1267 1130 Ἴ

378 1147 447 1202 0011.
467 1146 536 1201 Brit.
556 1146 617 1202 Gel.
636 1163 678 1216 ep.
698 1147 742 1213 39,
759 1145 790 1199 in
808 1145 867 1201 cod.
881 1147 955 1200 Mus.
971 1147 1039 1201 Brit.
1050 1145 1123 1200 Add.
1136 1146 1207 1200 8873
1225 1159 1305 1201 exn
1322 1146 1359 1199 in.
1379 1146 1493 1201 101151).

197 1325 269 1384 496,
377 1305 521 1372 Iocondo
546 1307 706 1390 episcopo,
753 1304 847 1370 Certe
871 1307 948 1388 dixi,
972 1312 1009 1371 ut
1031 1307 1109 1388 qnia
1128 1305 1311 1390 Stephanus
1336 1312 1449 1371 contra
1471 1328 1566 1390 regu-

288 1414 337 1477 las
362 1414 517 1477 ecclesiae
540 1413 646 1477 faetus
670 1412 750 1477 alibi
772 1412 926 1477 diaconus
960 1413 1002 1476 ad
1034 1413 1171 1477 alteram
1197 1413 1336 1476 transire
1363 1435 1428 1478 non
1455 1422 1568 1496 posset

289 1520 510 1601 aecclesiam,²
533 1541 617 1583 nunc
640 1519 770 1583 interim
793 1525 966 1601 remearet,
986 1521 1020 1583 in
1039 1541 1105 1601 qua
1124 1519 1231 1583 fuerat
1249 1519 1427 1584 ordinatus
1468 1519 1515 1583 Et
1538 1523 1567 1584 si

286 1626 349 1691 hoc
372 1627 492 1708 mallet,
517 1626 619 1690 frater
641 1631 674 1690 et
697 1627 905 1708 coepiscopus
928 1646 1019 1690 meus
1042 1625 1183 1690 Petrus²
1214 1625 1361 1690 eumdem
1391 1648 1412 1689 a
1433 1628 1566 1709 proprio

288 1734 457 1816 posceretb
480 1733 648 1798 sacerdote
672 1739 705 1797 et
726 1744 803 1820 perf
825 1733 1019 1815 scripturam
1043 1726 1127 1796 sicut
1149 1732 1248 1796 moris
1277 1737 1327 1795 est
1354 1731 1484 1797 sibimet
1507 1735 1565 1797 im-

288 1847 418 1923 petrare
442 1839 559 1904 debere
583 1839 752 1918 concedat,
777 1845 875 1921 atque
898 1839 946 1903 ita
963 1839 1092 1922 proprie
1113 1839 1180 1902 eius
1205 1837 1339 1903 affectus
1357 1839 1457 1902 nichil
1476 1839 1566 1904 dein-

289 1968 365 2030 ceps
389 1952 618 2029 temptaturus,
643 1945 728 2028 quod
751 1946 876 2009 veniret
898 1946 932 2009 in
955 1946 1098 2029 culpam,
1123 1945 1282 2029 pontifex,
1307 1945 1358 2008 cui
1382 1946 1565 2028 adquisitus
1613 1993 1616 2000 -

289 2053 404 2135 fuerat,
429 2075 488 2118 sua
512 2054 683 2137 sponsione
708 2051 921 2117 confirmaret.
968 2053 1123 2135 Alioquin
1153 2075 1228 2117 mox
1259 2073 1331 2116 eum
1360 2051 1401 2116 ab
1430 2053 1567 2118 eeclesia

290 2159 503 2242 submoveret,
529 2161 556 2224 si
579 2161 752 2242 quiequam
775 2158 905 2224 fecisset
927 2160 1085 2224 illicitum.

175 2477 176 2480 ’
289 2467 354 2532 20.
382 2466 553 2526 Gelestae]
571 2466 663 2524 tritos
686 2464 826 2540 episcopis
849 2465 979 2538 modat,
1004 2465 1174 2524 enumerarat
1200 2483 1321 2523 eausam
1339 2465 1419 2524 aesc·
1445 2485 1567 2542 queren-

379 2574 426 2654 tis,
456 2557 607 2632 Urbanum
625 2572 774 2647 qnondam
792 2571 958 2647 episcopam
972 2571 1167 2646 Polydectem,
1187 2571 1259 2630 dmn
1276 2572 1388 2645 cinaei,
1407 2573 1567 2647 praeditae

379 2680 438 2738 sibi
460 2679 630 2751 abstulisse,
652 2677 823 2754 compellunt
845 2678 1047 2737 Alexandrum
1070 2677 1219 2755 01010001,
1249 2684 1283 2736 nt
1305 2697 1379 2755 qaae
1405 2679 1438 2737 de
1461 2679 1515 2737 hae
1537 2699 1567 2738 re

378 2786 451 2845 sciat
467 2785 650 2862 patefactae
737 2843 739 2851 s

634 2885 704 2940 Goll.
723 2885 792 2939 Brit.
812 2884 873 2940 cel.
893 2901 935 2955 ep.
954 2885 999 2953 42,
1017 2885 1036 2939 l.
1056 2885 1073 2939 l.
1092 2885 1139 2939 fol.
1161 2884 1215 2940 16¹³.

198 3057 271 3115 496.
380 3046 532 3112 Gelasius
551 3045 952 3126 ores00n10,d410hanni⁵
974 3044 1217 3130 (etMessalae)e
1240 3045 1409 3128 episcopie.
1447 3045 1568 3109 Deces-

291 3176 400 3220 sorum
424 3159 549 3217 statuta
573 3153 656 3216 sicut
678 3153 823 3235 legitima
851 3159 884 3216 et
910 3153 997 3216 iuste
1025 3172 1244 3216 successorem
1268 3151 1430 3216 custodire
1453 3172 1568 3217 conve-

179 3326 181 3330 ,
290 3262 353 3342 nit,
385 3258 432 3324 ita
461 3259 557 3324 debet
585 3261 682 3323 etiam
712 3259 797 3322 male
821 3258 908 3323 facta
932 3258 1120 3340 corrigere.r
1162 3256 1280 3322 Festus
1304 3258 1462 3340 siquidem
1485 3261 1568 3341 peti-

290 3368 365 3432 torii
389 3367 552 3432 oblatione
576 3372 771 3448 conquestus
796 3371 854 3447 est,
879 3366 966 3447 quod
988 3365 1128 3430 habetur
1150 3365 1184 3428 in
1209 3363 1361 3431 subditis:
1386 3364 1567 3446 Urbanum,

290 3475 439 3557 religiose
472 3473 704 3537 recordationis
728 3471 911 3554 Fulginatis
936 3473 1076 3536 civitatis
1100 3472 1294 3552 antistitem,
1327 3472 1476 3554 predium
1505 3472 1569 3536 sibi

290 3601 471 3664 perperam,
505 3601 579 3644 cum
603 3573 775 3660 adviveret,
800 3578 989 3660 abstulisse,
1023 3599 1118 3660 quem
1144 3578 1228 3642 sieut
1257 3578 1374 3642 asserit
1405 3577 1568 3659 frequenti

290 3688 499 3752 conventione
527 3687 682 3769 pulsavit,
714 3706 774 3749 nec
807 3686 849 3750 ad
880 3684 1003 3749 iudices
1036 3685 1078 3748 ad
1111 3684 1279 3748 dicendam
1310 3705 1443 3748 causam
1465 3684 1569 3749 voluit

290 3815 480 3859 commeare.
527 3792 572 3856 Et
594 3792 677 3874 ideo,
701 3792 818 3856 fratres
841 3791 1015 3873 karissimi,
1040 3812 1140 3855 causa
1159 3790 1219 3854 sub
1246 3791 1333 3855 omni
1357 3792 1568 3857 examinatio·

290 3902 340 3964 nis
363 3901 550 3982 integritate
574 3899 731 3980 discussa,
756 3899 782 3961 si
807 3899 1010 3981 cognoscitis,
1035 3897 1201 3981 querelam
1219 3897 1359 3979 petentis
1384 3904 1470 3962 certe
1493 3920 1568 3980 pro·

379 4085 391 4109 ¹
409 4084 448 4129 oio
465 4084 513 4130 iam
530 4083 556 4128 aa
573 4084 625 4130 cod.
643 4083 722 4128 nisena
735 4096 818 4128 niuniu
831 4081 931 4127 00100011
944 4097 971 4127 ea
989 4078 1130 4128 aecclesiae.
1185 4074 1197 4106 ¹¹
1216 4082 1339 4142 posceret
1357 4098 1377 4128 e.
1439 4083 1450 4107 ⁰
1468 4097 1496 4127 ea
1509 4097 1570 4140 quae

290 4180 422 4233 sequamur,
440 4173 563 4218 maeatis
585 4171 699 4230 intelleyo.
781 4163 794 4195 ‘¹
812 4167 932 4218 Creconio
949 4186 969 4216 c.
1051 4171 1061 4195 ⁸
1080 4171 1104 4217 et
1121 4168 1244 4217 Messalae
1261 4171 1413 4230 supplendum
1431 4185 1486 4229 esse,
1501 4179 1571 4230 patet

291 4278 319 4308 aa
336 4277 371 4320 eo,
390 4261 454 4321 qaod
470 4261 538 4306 haias
556 4261 666 4320 epistolam
680 4260 850 4319 fragmentum,
868 4259 941 4306 mbas
958 4259 1008 4304 illie
1025 4259 1138 4319 apocope
1157 4260 1291 4318 inemptae,
1310 4261 1393 4319 kyinsr
1411 4260 1437 4306 in
1456 4259 1573 4306 Graiam

293 4351 354 4397 decr.
375 4352 401 4398 0.
421 4350 496 4396 XXV.
516 4365 554 4409 qa.
574 4347 592 4395 2
610 4366 630 4395 0.
649 4346 691 4408 19,
710 4357 732 4395 et
753 4349 817 4407 qaod
838 4349 864 4394 ia
888 4349 948 4396 Con.
967 4347 1025 4393 aa
1050 4348 1101 4394 eod.
1120 4349 1179 4396 inter
1198 4347 1329 4395 cresconio
1346 4357 1368 4395 et
1386 4346 1494 4395 Iohanni
1513 4363 1570 4395 eon·

291 4440 377 4486 iumen
396 4439 464 4486 mest.
519 4431 530 4462 f
552 4438 626 4484 Verba
635 4436 798 4484 Decessorum
808 4461 842 4470 -
852 4436 974 4497 corrigere
992 4437 1098 4495 tyanae
1116 4439 1185 4484 amm
1202 4439 1227 4484 aa
1238 4438 1351 4486 Graiam
1367 4437 1429 4484 decr.
1450 4437 1466 4484 l.
1481 4437 1507 4497 l.,
1527 4445 1570 4485 cer.

380 4539 544 4594 ¹ceJaffe
563 4537 605 4592 ed.
624 4555 677 4593 sec.
692 4539 751 4592 714.
808 4537 992 4592 ²Ravennas.
1066 4538 1138 4593 ³0f.
1156 4538 1230 4594 Jaffe
1244 4536 1286 4592 ed.
1301 4555 1354 4592 sec.
1369 4539 1429 4592 717.
1484 4538 1572 4591 ⁴Tu·

291 4627 407 4683 dertino.
480 4627 661 4699 ὅ8001011110.
