3284 5184
486 289 576 343 Lucu
594 300 632 341 111
649 300 816 341 1118181111
835 289 895 343 350.
915 290 964 343 351
1300 275 1364 337 209

81 452 292 533 integratum,
316 444 533 512 verecundum
550 446 643 511 nobis
668 453 701 510 et
718 448 890 512 molestum
910 449 1029 530 existit,
1057 449 1144 531 quod
1168 450 1252 513 sicut
1274 430 1502 514 acce-1181?

81 558 189 641 pimus
212 554 357 620 nondum
379 552 488 634 habet,
513 551 570 616 ubi
593 559 693 636 caput
715 553 851 618 rechnet
873 560 907 618 et
930 555 1065 620 ecclesie
1082 556 1252 639 impendat
1276 555 1364 620 debi-

81 671 152 728 tum
175 661 379 726 famulatum.
426 659 507 752 Inde
532 666 590 740 est,
615 660 701 742 quod
724 661 970 725 universitatem
992 667 1135 726 vestram
1154 684 1213 745 per
1236 669 1364 746 aposto·

81 771 145 834 lica
168 769 292 850 scripta
309 787 462 848 rogamus
481 767 637 830 attentius
656 773 689 830 81
702 788 880 849 munemne,
904 774 1065 849 quatenus
1084 769 1188 833 eidem
1203 769 1363 853 Her(veo),

6 873 7 948 f
83 877 311 958 quamprimo
334 873 494 953 valebitis,
527 895 586 956 pro
609 874 793 937 reverentia
820 895 952 956 precum
976 880 1008 938 et
1031 875 1177 938 mandati
1205 876 1308 940 nostri
1329 883 1365 940 ,et

82 981 343 1049 consideratione
367 981 417 1044 sui
440 980 556 1063 ipsius,
582 979 837 1045 contradictione
866 986 899 1045 et
927 980 1144 1063 appellatione
1171 983 1363 1065 postposita,

82 1089 232 1155 hilariter
255 1087 438 1169 assignetis
463 1086 619 1172 solliciter
636 1087 807 1168 provisuri,
831 1091 868 1149 ut
886 1087 933 1150 ita
951 1107 1064 1170 preces
1088 1087 1284 1170 apostolicas
1308 1087 1364 1152 ad-

81 1197 236 1276 mittatis,
269 1193 355 1276 quod
382 1214 441 1258 nos
469 1199 610 1257 vestram
640 1194 674 1256 in
701 1192 763 1256 hac
785 1199 879 1275 parte
902 1192 1106 1258 devotionem
1129 1195 1253 1276 experti
1280 1196 1363 1277 peti-

82 1305 200 1382 ciones,
235 1322 317 1383 quas
341 1299 497 1363 duxeritis
521 1299 743 1381 porrigendas,
774 1299 909 1364 celerius
942 1305 1075 1383 propter
1100 1300 1162 1364 hoc
1191 1306 1224 1365 et
1250 1301 1362 1366 utilius

81 1411 303 1475 admittamus.

82 1645 171 1711 350.
194 1645 311 1704 Mitius
333 1645 385 1704 III
402 1645 437 1703 in
459 1644 553 1720 fundo
576 1643 708 1702 ecclesiae
734 1643 764 1702 S,
783 1644 898 1703 Murice
915 1643 1105 1718 Mauricianus
1126 1644 1363 1704 Vesontionensis
1444 1727 1449 1734 μ

192 1754 317 1812 dornnm
339 1751 513 1826 hospitalem
535 1750 667 1809 construi
689 1751 849 1827 permittit,
881 1751 916 1808 in
946 1769 1005 1826 qna
1027 1752 1157 1810 11818881
1179 1757 1232 1810 unt
1258 1751 1363 1810 Hiero-

192 1860 341 1935 solymam
358 1857 578 1933 pcreprinuntes
599 1857 789 1932 coapiantur.

304 1977 375 2032 Bibl.
394 1982 451 2031 nat.
471 1975 557 2030 Paris.
576 1976 646 2031 Ooll.
665 1976 783 2031 Moreau
801 1976 863 2030 876.
882 1975 929 2030 fol.
949 1975 991 2030 20.
1011 1993 1031 2030 s.
1051 1989 1143 2030 xvm.

167 2139 290 2204 Lucius
324 2138 495 2220 episcopus
528 2158 640 2201 servus
669 2129 835 2201 seriorum
858 2135 921 2200 Dei
949 2135 1074 2200 dilectis
1098 2134 1174 2200 filiis
1198 2139 1361 2202 canonicis
1400 2134 1504 2192 1182·

80 2253 214 2312 sanctae
228 2245 353 2310 Mariae
368 2244 582 2327 Magdalenae
594 2244 787 2308 Bisuntinae
815 2242 953 2308 salutem
976 2249 1009 2307 et
1033 2243 1246 2325 apostolicam
1265 2244 1361 2310 bene·
1379 2223 1440 2281 Mai
1452 2226 1502 2282 ²⁰·

80 2355 283 2418 dictionem..
304 2350 384 2416 Cum
404 2351 540 2416 ecclesia
558 2357 667 2415 vestra
690 2372 842 2433 magnam
866 2351 949 2414 sicut
968 2350 1150 2432 accepimus
1173 2351 1207 2414 in
1230 2351 1362 2433 publica

80 2466 186 2524 811818
208 2458 398 2542 parochiam
420 2458 550 2539 habeat,
574 2459 691 2522 necin
720 2479 759 2521 88
783 2459 826 2521 811
849 2456 891 2521 ad
915 2456 1001 2538 quod
1024 2462 1243 2526 transeuntes
1256 2456 1359 2521 diver-

79 2572 148 2631 tere
172 2565 304 2630 valeant
325 2564 502 2648 hospitale,
533 2565 664 2630 domum
688 2564 853 2647 quandam
881 2563 923 2629 ad
951 2563 1169 2646 receptionem
1192 2568 1361 2627 transeun-

79 2675 163 2736 tium
186 2670 292 2735 facere
322 2671 523 2751 decrevistis
557 2677 594 2734 11
625 2671 658 2733 11
682 2692 721 2735 88
752 2672 809 2753 hii,
838 2671 893 2753 qui
916 2669 1055 2734 Romam
1078 2671 1212 2734 veniunt
1240 2671 1362 2734 autad

79 2779 358 2845 ierosolimitanas
381 2783 492 2860 partes
516 2777 688 2857 accedunt,
723 2783 818 2860 grata
846 2776 992 2842 subsidia
1016 2776 1177 2859 recipiant
1204 2778 1360 2842 caritatis.

79 2886 174 2951 Unde
199 2886 276 2968 quia
300 2905 397 2968 super
418 2883 480 2948 hcc
504 2886 732 2950 auctoritatem
755 2890 900 2948 nostram
923 2883 1091 2964 requiritis
1121 2889 1154 2947 81
1181 2905 1360 2964 assensum,

80 3015 139 3059 nos
162 2992 254 3057 vobis
278 2996 370 3055 tanto
393 2990 547 3055 libentius
572 2993 656 3055 sicut
680 2990 834 3070 debemus
859 2991 1045 3071 annuimus,
1070 2996 1193 3071 quanto
1216 2992 1362 3073 proposi·

80 3105 150 3164 tum
173 3104 317 3163 vestrum
340 3103 452 3180 utpote
475 3099 566 3180 pium
589 3100 669 3162 satis
703 3104 736 3162 81
766 3096 1021 3162 commendabile
1050 3096 1220 3160 sollicitius
1249 3118 1362 3162 conve-

81 3207 130 3269 nit
158 3206 350 3289 promoveri.
397 3203 524 3269 Vestris
557 3205 668 3287 itaque
696 3204 970 3288 postulationibus
999 3209 1178 3268 annuentes
1210 3225 1361 3286 praesen-

81 3312 168 3376 tibus
192 3309 283 3375 vobis
308 3311 427 3376 litteris
450 3311 664 3393 indulgemus
689 3317 726 3375 ut
744 3311 830 3375 infra
848 3311 1037 3394 parochiam
1055 3311 1089 3374 in
1107 3312 1238 3393 proprio
1262 3310 1362 3374 fundo

83 3418 239 3483 ecclesiae
262 3423 388 3481 vestrae
415 3417 611 3500 hospitalem
635 3418 775 3499 domum,
801 3418 884 3481 siout
908 3417 1117 3499 dictumest,
1143 3417 1360 3497 construendi,

82 3525 201 3589 nullius
226 3524 481 3589 contradictione
504 3524 554 3588 vel
578 3524 796 3606 appellatione
815 3523 976 3604 obstante,
996 3522 1146 3587 habeatis
1167 3526 1361 3588 auctoritate

82 3638 194 3697 nostra
216 3630 353 3695 liberam
376 3630 575 3694 facultatem.
622 3631 745 3694 Datum
768 3629 906 3695 Velletri
932 3634 971 3695 13
995 3629 1069 3693 Kal.
1090 3627 1186 3693 Iunii.

83 3921 161 3985 351.
194 3920 384 3979 18888111
402 3920 516 3978 abbatos
538 3920 653 3978 ordinis
681 3919 880 3978 &isterciensis
908 3919 987 3995 upnd
1014 3919 1187 3978 Cisteroinnn
1210 3937 1361 3993 88881888-

193 4035 237 4086 tos
264 4029 303 4086 ud
329 4029 539 4086 obseruandum
568 4025 757 4102 disciplinans
784 4027 963 4085 adhortatur.
1009 4027 1116 4100 Ruunt,
1149 4031 1230 4084 orent
1246 4043 1304 4100 pro
1331 4045 1361 4083 se

191 4134 258 4208 ipso
280 4152 356 4208 „per
378 4153 506 4192 1888881
529 4134 552 4191 1.
563 4133 710 4192 Β8188111
728 4133 839 4191 obbatis
859 4132 1103 4191 Otaruevuttcnsis
1121 4132 1156 4190 in
1174 4151 1276 4190 cornrn
1298 4131 1360 4207 fru-

193 4241 325 4300 tornitute
346 4245 485 4315 receptu.“

271 4341 341 4395 Bibl.
361 4346 418 4395 nat.
439 4341 524 4395 Paris
544 4359 595 4395 ms.
614 4341 662 4396 lat.
683 4341 779 4395 16992.
798 4339 846 4395 fol.
866 4340 924 4393 213.
948 4357 1032 4394 manu
1052 4357 1072 4393 s.
1092 4353 1170 4394 xvn.

168 4501 291 4565 Lucius
315 4502 615 4584 episcopusservus
640 4523 806 4566 servorum
829 4501 891 4566 Dei
916 4500 1042 4564 dilectis
1061 4497 1137 4563 filiis
1153 4497 1359 4563 (listerciensi
1397 4507 1480 4565 1182

87 4608 209 4672 8181118
233 4607 408 4672 abbatibus
437 4609 581 4674 eiusdem
609 4608 730 4673 ordinis
755 4608 841 4690 apud
865 4605 1057 4671 Cistercium
1076 4606 1279 4688 congregatis
1308 4626 1358 4669 sa·
1376 4596 1433 4657 Iul·
1447 4596 1497 4655 15·

132 4734 315 4783 Iomnium,
336 4733 408 4784 Epist.
424 4734 490 4774 Pont.
505 4733 570 4774 Rom.
1111 4714 1145 4764 14
