3336 5184
282 283 344 345 110
697 296 831 350 Euenum
849 309 887 349 111
904 309 1072 351 nersronns
1089 296 1141 351 207

166 456 251 514 1152
280 458 381 524 Porro
405 457 488 538 1111,Ιι
512 456 567 539 qui
591 476 649 539 per
672 456 852 539 potentiam
876 455 1055 539 supradicti
1074 455 1165 520 ducis
1189 455 1308 519 dicitur
1331 454 1365 518 in
1389 451 1565 522 ecelesiam

162 545 220 604 Iul·
234 544 262 605 7·
280 565 385 648 ipsam
408 563 563 644 intrusus,
587 563 650 627 nisi
673 562 759 627 infra
777 567 850 627 octo
870 561 938 626 dies
957 567 1032 645 post
1051 563 1333 636 commonitionem
1351 566 1440 629 tuam
1462 582 1563 625 usur-

280 675 394 754 patum
417 669 523 735 locum
540 670 609 734 sine
624 669 855 734 reluctationeb
870 668 1038 750 dimiserit,
1063 690 1122 735 nos
1139 667 1463 734 excommunicationi
1483 666 1563 730 sub-

280 777 395 840 icimus
419 780 461 856 et,
487 774 588 840 donec
606 776 789 859 resipuerit,
815 776 899 839 sicut
918 776 1231 840 excommunicatum
1254 774 1471 859 praecipimus
1495 773 1563 837 evi-

280 883 371 947 11111.
417 880 540 946 Datum
564 881 695 964 Signiae
718 881 819 947 Nonis
842 880 928 945 Iulii.

283 1186 371 1254 207.
394 1189 547 1264 abacos
570 1188 623 1247 ΙΙΙ
638 1190 745 1266 fratres
766 1188 795 1247 S.
819 1187 968 1248 Benedicti
989 1207 1077 1264 super
1095 1187 1227 1264 legerim
1247 1187 1470 1263 (Floriaeenses)
1494 1186 1563 1245 bor·

395 1301 482 1368 tatae,
505 1301 540 1354 et
561 1294 657 1354 abbati
683 1278 817 1354 obediant
844 1313 967 1372 eumque
993 1295 1028 1353 ia
1054 1294 1244 1371 reformanda
1266 1294 1424 1371 disciplina
1447 1299 1473 1352 et
1488 1311 1562 1369 pos-

274 1396 276 1400 ⁴
394 1401 575 1461 sessionibus
596 1401 800 1477 recuperandis
822 1401 966 1478 adjuvent.
1199 1481 1205 1494 .

452 1520 524 1575 Bibl.
544 1526 600 1576 nat.
620 1519 706 1574 Paris.
726 1536 777 1574 ms.
796 1518 844 1575 lat.
865 1520 952 1575 16992
971 1519 1018 1575 fol.
1039 1520 1098 1575 102.
1128 1519 1245 1591 Scripsit
1262 1519 1397 1574 Martene.

153 1695 265 1754 1145-
373 1680 539 1764 Eugenius
563 1680 733 1764 episcopus
757 1701 866 1744 servus
891 1701 1056 1746 servorum
1074 1679 1137 1744 Dei
1156 1679 1282 1744 dilectis
1300 1678 1377 1743 filiis
1395 1677 1565 1744 monachis

162 1784 257 1842 1153·
286 1787 318 1852 S.
342 1785 512 1852 Benedicti
541 1808 637 1870 super
664 1785 808 1868 Ligerim
836 1787 1031 1852 salutemet
1058 1787 1271 1870 apostolicam
1294 1785 1563 1851 benedictionem.

287 1892 416 1976 Quanto
440 1892 471 1957 b.
494 1890 663 1956 Benedicti
686 1893 920 1958 monasterium
944 1894 985 1958 ad
1009 1896 1059 1960 ius
1083 1899 1116 1959 et
1135 1892 1354 1958 defensionem
1377 1893 1463 1957 sedis
1488 1913 1565 1976 apo·

287 2002 420 2066 stolioae
444 1997 630 2088 specialiter
652 1998 815 2081 pertinere
838 2001 992 2082 noscitur,
1016 2006 1109 2066 tanto
1132 2000 1236 2083 magis
1260 2019 1447 2083 gravamur,
1477 1997 1566 2081 quod

286 2131 306 2172 a
329 2107 432 2189 longis
456 2111 543 2170 retro
566 2104 766 2188 temporibus
794 2107 935 2188 pastoris
962 2107 1090 2172 incuria
1118 2113 1151 2172 et
1178 2107 1375 2190 negligentia
1402 2105 1492 2170 etin
1515 2126 1566 2169 re·

285 2214 403 2298 ligione
428 2212 621 2278 dissolutum
646 2218 695 2275 est
718 2217 837 2276 ettam
861 2213 894 2275 in
913 2213 1146 2296 temporalibus
1166 2235 1264 2296 quam
1287 2214 1320 2276 in
1340 2212 1566 2295 spiritualibus

285 2321 505 2398 imminutum3
531 2317 618 2400 quod
636 2317 866 2400 praedecessor
884 2323 996 2383 noster
1014 2319 1116 2384 felicis
1132 2320 1306 2385 memoriae
1321 2340 1408 2402 papa
1421 2318 1566 2382 Ι1111111

285 2427 479 2510 intelligens,
490 2425 715 2508 religiosorum
726 2430 759 2488 et
768 2424 983 2490 discretorum
992 2427 1134 2492 virorum
1149 2425 1283 2491 consilio
1293 2425 1447 2489 dilectum
1461 2423 1567 2488 filiurn

285 2538 433 2598 nostrum
446 2531 649 2616 M(acarium)
666 2529 787 2596 ibidem
802 2531 972 2596 substituit
990 2533 1084 2616 eique
1102 2533 1221 2596 litteris
1245 2532 1312 2596 suis
1335 2531 1566 2614 praecipiendo

286 2639 467 2718 mandavit,
496 2642 533 2701 11
561 2635 603 2700 ad
629 2636 892 2703 reformationem
920 2639 1086 2721 religionis
1110 2645 1142 2704 et
1164 2639 1405 2721 possessionum
1431 2658 1565 2721 recupe-

287 2747 456 2826 rationem,
486 2765 569 2826 quae
592 2743 705 2808 illicite
734 2744 910 2808 distractae
938 2750 1028 2828 sunt,
1062 2766 1135 2810 cum
1163 2747 1251 2811 omni
1274 2744 1492 2810 sollicitudine
1518 2744 1564 2808 la·

287 2852 446 2917 11111111.2
483 2848 577 2932 Quod
597 2871 670 2914 cum
690 2851 787 2915 vellet
805 2849 934 2914 effectui
951 2851 1149 2935 mancipare,
1169 2852 1302 2934 quidam
1321 2871 1361 2914 ex
1378 2850 1481 2932 vobis,
1501 2871 1565 2916 non

287 2965 375 3022 recte
398 2957 614 3040 intelligentes
639 2962 672 3020 11
689 2956 877 3039 disciplinae
896 2958 1095 3022 monasticae
1114 2958 1198 3023 colla
1217 2957 1354 3022 subdere
1372 2962 1565 3038 metuentes,

288 3070 416 3128 tantum
439 3063 560 3129 bonum
584 3062 775 3146 perturbare
799 3063 861 3126 nisi
886 3069 961 3127 sunt
980 3069 1013 3127 et
1032 3067 1145 3129 contra
1167 3063 1314 3147 regulam
1337 3070 1370 3128 et
1392 3063 1564 3146 professio·

289 3193 362 3236 nem
377 3193 470 3235 suam
489 3169 598 3235 sedem
618 3169 823 3252 appellarunt
842 3170 1064 3252 apostolicam.
1102 3170 1169 3236 Nos
1187 3172 1298 3254 itaque
1318 3191 1450 3235 causam
1459 3170 1566 3253 ipsam

289 3278 475 3361 diligentius
498 3277 709 3358 inquirentes,
733 3277 782 3340 rei
804 3277 941 3341 veritate
965 3277 1104 3358 cognita,
1129 3277 1233 3342 eidem
1257 3277 1370 3342 abbati
1392 3276 1466 3340 viva
1488 3296 1565 3340 voce

288 3385 500 3468 injunximus,
535 3388 695 3465 quatenus
728 3382 768 3446 de
797 3382 948 3464 religioso
977 3384 1174 3448 monasterio
1198 3382 1419 3448 Cluniacensis
1443 3381 1565 3448 ordinis
1665 3423 1666 3434 ,

289 3491 442 3556 honestas
466 3495 499 3554 et
520 3489 689 3573 religiosas
712 3510 868 3572 personas
891 3488 1012 3553 ibidem
1036 3488 1227 3571 substituat,
1255 3510 1314 3572 per
1337 3509 1475 3572 quorum
1499 3494 1530 3552 st
1553 3526 1565 3538 ·

291 3597 380 3661 dium
402 3596 543 3662 Domino
566 3595 743 3660 auxiliante
766 3596 879 3678 religio
902 3594 1096 3661 reformetur
1119 3602 1151 3661 11
1174 3596 1264 3661 10111
1287 3597 1356 3679 ipse
1379 3601 1447 3660 tam
1472 3595 1565 3678 spiri-

290 3703 423 3767 tualiter
451 3723 549 3785 quam
577 3702 800 3785 temporaliter
828 3707 995 3785 augeatur.
1042 3701 1143 3768 Vobis
1171 3704 1283 3785 itaque
1305 3723 1364 3785 per
1387 3702 1567 3785 apostolica

291 3811 414 3893 scripta
436 3808 664 3892 praecipiendo
688 3809 890 3890 mandamus,
916 3814 1074 3890 quatenus
1103 3807 1208 3872 eidem
1232 3808 1346 3873 abbati
1367 3813 1436 3872 tam
1458 3807 1493 3870 in
1515 3805 1566 3870 his

291 3939 390 3999 quam
421 3916 455 3979 in
488 3915 561 3979 aliis
594 3914 770 3980 secundum
793 3914 899 3979 Deum
930 3920 1099 3996 tamquam
1130 3915 1217 3998 patri
1248 3919 1280 3979 et
1308 3913 1432 3997 pastori
1458 3918 1566 3977 vestro

290 4023 456 4087 humiliter
479 4021 639 4087 obediatis
658 4021 751 4085 etad
770 4022 1008 4104 recuperandas
1027 4022 1247 4105 possessiones
1271 4020 1328 4084 ac‘l
1358 4019 1458 4101 bona,
1483 4039 1567 4101 quae

290 4131 402 4194 illicite
436 4127 593 4192 distracta
623 4133 713 4210 sunt,
746 4149 840 4210 opem
873 4129 902 4191 ei
926 4133 959 4193 ct
981 4126 1137 4192 auxilium
1167 4126 1364 4210 praebeatis.
1411 4125 1567 4208 Alioquin

292 4237 374 4300 scire
397 4257 453 4302 vcs
476 4235 633 4316 volumus,
659 4236 736 4317 quia
758 4235 861 4318 ipsius
876 4233 1013 4300 offensas
1027 4234 1177 4318 proprias
1192 4233 1420 4318 deputabimus
1444 4237 1477 4296 et
1495 4252 1568 4296 sen-

291 4343 437 4425 tentiam,
462 4363 560 4424 quam
583 4341 615 4404 in
633 4340 770 4406 rebelles
790 4345 823 4403 11
841 4345 1046 4404 contumaces
1066 4339 1243 4405 secundum
1261 4339 1408 4422 regulam
1426 4337 1568 4422 promul-

380 4527 441 4570 ¹¹an
458 4522 549 4571 illum?
622 4517 828 4570 ”retractatione
845 4522 869 4570 2.
944 4521 1059 4571 nbaberi
1079 4523 1103 4572 2.
1177 4516 1237 4570 dac
1255 4523 1316 4570 ‹leest
1334 4522 1359 4569 ie
1376 4523 1428 4570 eod.

382 4625 449 4678 lII.
524 4625 616 4679 ²Hae
633 4623 743 4678 litterae
760 4623 817 4677 iam
836 4640 892 4678 non
911 4629 1029 4680 exstant.
