<?xml version="1.0" encoding="UTF-8"?>
<!DOCTYPE html PUBLIC "-//W3C//DTD XHTML 1.0 Transitional//EN"
    "http://www.w3.org/TR/xhtml1/DTD/xhtml1-transitional.dtd">
<html xmlns="http://www.w3.org/1999/xhtml" xml:lang="en" lang="en">
 <head>
  <title>
</title>
<meta http-equiv="Content-Type" content="text/html;charset=utf-8" />
  <meta name='ocr-system' content='tesseract 3.04.00' />
  <meta name='ocr-capabilities' content='ocr_page ocr_carea ocr_par ocr_line ocrx_word'/>
</head>
<body>
  <div class='ocr_page' id='page_1' title='image "./epistolaepontif02popegoog/epistolaepontif02popegoog_0104.png"; bbox 0 0 3336 5184; ppageno 0'>
   <div class='ocr_carea' id='block_1_1' title="bbox 469 241 1389 323">
    <p class='ocr_par' dir='ltr' id='par_1_1' title="bbox 469 241 1389 323">
     <span class='ocr_line' id='line_1_1' title="bbox 469 241 1389 323; baseline -0.009 -1"><span class='ocrx_word' id='word_1_1' title='bbox 469 253 655 323; x_wconf 66' lang='lat' dir='ltr'>muncrum</span> <span class='ocrx_word' id='word_1_2' title='bbox 674 282 697 321; x_wconf 95' lang='lat'>11</span> <span class='ocrx_word' id='word_1_3' title='bbox 716 281 885 322; x_wconf 76' lang='lat' dir='ltr'>nrmronaa</span> <span class='ocrx_word' id='word_1_4' title='bbox 907 269 964 321; x_wconf 82' lang='lat'>174.</span> <span class='ocrx_word' id='word_1_5' title='bbox 986 269 1036 321; x_wconf 80' lang='lat'>175</span> <span class='ocrx_word' id='word_1_6' title='bbox 1290 241 1293 246; x_wconf 39' lang='lat'>⁵</span> <span class='ocrx_word' id='word_1_7' title='bbox 1348 254 1389 315; x_wconf 75' lang='lat'>87</span> 
     </span>
    </p>
   </div>
   <div class='ocr_carea' id='block_1_2' title="bbox 111 427 1519 941">
    <p class='ocr_par' dir='ltr' id='par_1_2' title="bbox 112 427 1519 726">
     <span class='ocr_line' id='line_1_2' title="bbox 112 427 1505 512; baseline 0.001 -20"><span class='ocrx_word' id='word_1_8' title='bbox 112 431 154 493; x_wconf 88' lang='lat' dir='ltr'>tis</span> <span class='ocrx_word' id='word_1_9' title='bbox 178 430 281 511; x_wconf 82' lang='lat' dir='ltr'>igitur</span> <span class='ocrx_word' id='word_1_10' title='bbox 297 430 466 512; x_wconf 91' lang='lat' dir='ltr'>utriusque</span> <span class='ocrx_word' id='word_1_11' title='bbox 484 430 587 512; x_wconf 86' lang='lat' dir='ltr'>partis</span> <span class='ocrx_word' id='word_1_12' title='bbox 611 428 871 511; x_wconf 67' lang='lat' dir='ltr'>allegationibus</span> <span class='ocrx_word' id='word_1_13' title='bbox 891 427 1131 511; x_wconf 88' lang='lat' dir='ltr'>praedictorum</span> <span class='ocrx_word' id='word_1_14' title='bbox 1149 430 1283 495; x_wconf 88' lang='lat' dir='ltr'>testium</span> <span class='ocrx_word' id='word_1_15' title='bbox 1305 431 1391 494; x_wconf 88' lang='lat' dir='ltr'>iura·</span> <span class='ocrx_word' id='word_1_16' title='bbox 1420 428 1505 489; x_wconf 85' lang='lat'>1130</span> 
     </span>
     <span class='ocr_line' id='line_1_3' title="bbox 112 520 1519 620; baseline 0.001 -20"><span class='ocrx_word' id='word_1_17' title='bbox 112 541 223 600; x_wconf 88' lang='lat' dir='ltr'>menta</span> <span class='ocrx_word' id='word_1_18' title='bbox 245 537 421 620; x_wconf 84' lang='lat' dir='ltr'>recipimus</span> <span class='ocrx_word' id='word_1_19' title='bbox 446 537 748 618; x_wconf 67' lang='lat' dir='ltr'>cummunicato</span> <span class='ocrx_word' id='word_1_20' title='bbox 772 535 910 600; x_wconf 77' lang='lat' dir='ltr'><strong>fratrum</strong></span> <span class='ocrx_word' id='word_1_21' title='bbox 932 541 1119 601; x_wconf 92' lang='lat' dir='ltr'>nostrorum</span> <span class='ocrx_word' id='word_1_22' title='bbox 1136 536 1391 620; x_wconf 89' lang='lat' dir='ltr'>archiepiscopo·</span> <span class='ocrx_word' id='word_1_23' title='bbox 1409 520 1477 578; x_wconf 67' lang='lat'>9⁰⁰·</span> <span class='ocrx_word' id='word_1_24' title='bbox 1490 522 1519 578; x_wconf 80' lang='lat'>4·</span> 
     </span>
     <span class='ocr_line' id='line_1_4' title="bbox 112 641 1392 726; baseline 0 -18"><span class='ocrx_word' id='word_1_25' title='bbox 112 666 196 726; x_wconf 87' lang='lat' dir='ltr'>rum,</span> <span class='ocrx_word' id='word_1_26' title='bbox 221 645 449 726; x_wconf 90' lang='lat' dir='ltr'>episcoporum</span> <span class='ocrx_word' id='word_1_27' title='bbox 467 649 500 708; x_wconf 93' lang='lat' dir='ltr'>et</span> <span class='ocrx_word' id='word_1_28' title='bbox 518 641 732 707; x_wconf 83' lang='lat' dir='ltr'>cardinalium</span> <span class='ocrx_word' id='word_1_29' title='bbox 752 641 895 723; x_wconf 91' lang='lat' dir='ltr'>consilio,</span> <span class='ocrx_word' id='word_1_30' title='bbox 916 642 1006 707; x_wconf 92' lang='lat' dir='ltr'>vobis</span> <span class='ocrx_word' id='word_1_31' title='bbox 1025 643 1196 708; x_wconf 91' lang='lat' dir='ltr'>ecclesiam</span> <span class='ocrx_word' id='word_1_32' title='bbox 1215 642 1247 709; x_wconf 89' lang='lat' dir='ltr'>S.</span> <span class='ocrx_word' id='word_1_33' title='bbox 1267 642 1392 708; x_wconf 80' lang='lat' dir='ltr'>Mariae</span> 
     </span>
    </p>

    <p class='ocr_par' dir='ltr' id='par_1_3' title="bbox 112 748 1392 834">
     <span class='ocr_line' id='line_1_5' title="bbox 112 748 1392 834; baseline -0.002 -18"><span class='ocrx_word' id='word_1_34' title='bbox 112 751 151 815; x_wconf 90' lang='lat' dir='ltr'>de</span> <span class='ocrx_word' id='word_1_35' title='bbox 175 751 377 816; x_wconf 88' lang='lat' dir='ltr'>Roeabruna</span> <span class='ocrx_word' id='word_1_36' title='bbox 405 749 661 834; x_wconf 81' lang='lat' dir='ltr'>adjudicavimus</span> <span class='ocrx_word' id='word_1_37' title='bbox 693 754 726 813; x_wconf 91' lang='lat' dir='ltr'>et</span> <span class='ocrx_word' id='word_1_38' title='bbox 756 748 805 813; x_wconf 92' lang='lat' dir='ltr'>illi</span> <span class='ocrx_word' id='word_1_39' title='bbox 827 754 1021 830; x_wconf 90' lang='lat' dir='ltr'>perpetuum</span> <span class='ocrx_word' id='word_1_40' title='bbox 1049 750 1213 814; x_wconf 88' lang='lat' dir='ltr'>silentium</span> <span class='ocrx_word' id='word_1_41' title='bbox 1239 751 1392 834; x_wconf 92' lang='lat' dir='ltr'>imposui·</span> 
     </span>
    </p>

    <p class='ocr_par' dir='ltr' id='par_1_4' title="bbox 111 854 1191 941">
     <span class='ocr_line' id='line_1_6' title="bbox 111 854 1191 941; baseline 0 -19"><span class='ocrx_word' id='word_1_42' title='bbox 111 880 194 922; x_wconf 91' lang='lat' dir='ltr'>mus.</span> <span class='ocrx_word' id='word_1_43' title='bbox 243 859 369 922; x_wconf 87' lang='lat' dir='ltr'>Datum</span> <span class='ocrx_word' id='word_1_44' title='bbox 392 856 477 941; x_wconf 92' lang='lat' dir='ltr'>apud</span> <span class='ocrx_word' id='word_1_45' title='bbox 502 856 777 922; x_wconf 81' lang='lat' dir='ltr'>Clarummontem</span> <span class='ocrx_word' id='word_1_46' title='bbox 799 855 834 919; x_wconf 92' lang='grc' dir='ltr'>Π</span> <span class='ocrx_word' id='word_1_47' title='bbox 858 854 968 921; x_wconf 91' lang='lat' dir='ltr'>Nonas</span> <span class='ocrx_word' id='word_1_48' title='bbox 991 855 1191 922; x_wconf 89' lang='lat' dir='ltr'>Decembris.</span> 
     </span>
    </p>
   </div>
   <div class='ocr_carea' id='block_1_3' title="bbox 647 1003 861 1010">
    <p class='ocr_par' dir='ltr' id='par_1_5' title="bbox 647 1003 861 1010">
     <span class='ocr_line' id='line_1_7' title="bbox 647 1003 861 1010; baseline 0 0"><span class='ocrx_word' id='word_1_49' title='bbox 647 1003 861 1010; x_wconf 42' lang='grc' dir='ltr'>μα’-..Ἀ-</span> 
     </span>
    </p>
   </div>
   <div class='ocr_carea' id='block_1_4' title="bbox 9 1075 1394 1151">
    <p class='ocr_par' dir='ltr' id='par_1_6' title="bbox 9 1075 1394 1151">
     <span class='ocr_line' id='line_1_8' title="bbox 9 1075 1394 1151; baseline -0.019 -5"><span class='ocrx_word' id='word_1_50' title='bbox 9 1095 15 1104; x_wconf 89' lang='grc'>’</span> <span class='ocrx_word' id='word_1_51' title='bbox 110 1075 194 1142; x_wconf 77' lang='grc'><strong>174.</strong></span> <span class='ocrx_word' id='word_1_52' title='bbox 227 1076 419 1136; x_wconf 75' lang='lat' dir='ltr'>Innocentius</span> <span class='ocrx_word' id='word_1_53' title='bbox 436 1075 472 1135; x_wconf 89' lang='lat' dir='ltr'>II</span> <span class='ocrx_word' id='word_1_54' title='bbox 496 1075 660 1134; x_wconf 70' lang='lat' dir='ltr'>Sarouenoi</span> <span class='ocrx_word' id='word_1_55' title='bbox 690 1075 902 1151; x_wconf 63' lang='lat' dir='ltr'>archiepiscopo</span> <span class='ocrx_word' id='word_1_56' title='bbox 934 1093 968 1134; x_wconf 86' lang='lat' dir='ltr'>uc</span> <span class='ocrx_word' id='word_1_57' title='bbox 996 1075 1138 1134; x_wconf 78' lang='lat' dir='ltr'>Meldcasi</span> <span class='ocrx_word' id='word_1_58' title='bbox 1169 1082 1195 1135; x_wconf 78' lang='lat' dir='ltr'>ot</span> <span class='ocrx_word' id='word_1_59' title='bbox 1227 1075 1394 1134; x_wconf 54' lang='lat' dir='ltr'>Partem</span> 
     </span>
    </p>
   </div>
   <div class='ocr_carea' id='block_1_5' title="bbox 225 1182 1394 1349">
    <p class='ocr_par' dir='ltr' id='par_1_7' title="bbox 225 1182 1394 1349">
     <span class='ocr_line' id='line_1_9' title="bbox 226 1182 1394 1260; baseline -0.002 -16"><span class='ocrx_word' id='word_1_60' title='bbox 226 1184 369 1260; x_wconf 69' lang='lat' dir='ltr'>epriacope&#39;e</span> <span class='ocrx_word' id='word_1_61' title='bbox 386 1182 517 1255; x_wconf 73' lang='lat' dir='ltr'>modat,</span> <span class='ocrx_word' id='word_1_62' title='bbox 540 1188 744 1242; x_wconf 70' lang='lat' dir='ltr'>commarcam</span> <span class='ocrx_word' id='word_1_63' title='bbox 761 1182 959 1258; x_wconf 74' lang='lat' dir='ltr'>parochianos</span> <span class='ocrx_word' id='word_1_64' title='bbox 982 1183 1134 1258; x_wconf 63' lang='lat' dir='ltr'>quosdam</span> <span class='ocrx_word' id='word_1_65' title='bbox 1158 1189 1192 1242; x_wconf 79' lang='lat' dir='ltr'>at</span> <span class='ocrx_word' id='word_1_66' title='bbox 1214 1183 1249 1241; x_wconf 82' lang='lat' dir='ltr'>ab</span> <span class='ocrx_word' id='word_1_67' title='bbox 1267 1182 1394 1242; x_wconf 58' lang='lat' dir='ltr'>icioma</span> 
     </span>
     <span class='ocr_line' id='line_1_10' title="bbox 225 1289 899 1349; baseline -0.001 0"><span class='ocrx_word' id='word_1_68' title='bbox 225 1291 262 1349; x_wconf 81' lang='lat' dir='ltr'>ia</span> <span class='ocrx_word' id='word_1_69' title='bbox 283 1289 498 1349; x_wconf 62' lang='lat' dir='ltr'>moousmmam</span> <span class='ocrx_word' id='word_1_70' title='bbox 520 1289 729 1348; x_wconf 75' lang='lat' dir='ltr'>Latiniacoasc</span> <span class='ocrx_word' id='word_1_71' title='bbox 750 1289 899 1348; x_wconf 58' lang='lat' dir='ltr'>mutant.</span> 
     </span>
    </p>
   </div>
   <div class='ocr_carea' id='block_1_6' title="bbox 300 1409 1206 1554">
    <p class='ocr_par' dir='ltr' id='par_1_8' title="bbox 300 1409 1206 1554">
     <span class='ocr_line' id='line_1_11' title="bbox 300 1409 1206 1466; baseline 0 -2"><span class='ocrx_word' id='word_1_72' title='bbox 300 1409 371 1464; x_wconf 90' lang='lat' dir='ltr'>Bibl.</span> <span class='ocrx_word' id='word_1_73' title='bbox 389 1415 447 1464; x_wconf 86' lang='lat' dir='ltr'>nat.</span> <span class='ocrx_word' id='word_1_74' title='bbox 466 1409 553 1464; x_wconf 81' lang='lat' dir='ltr'>Paris.</span> <span class='ocrx_word' id='word_1_75' title='bbox 572 1409 698 1464; x_wconf 80' lang='lat' dir='ltr'>Chartul.</span> <span class='ocrx_word' id='word_1_76' title='bbox 718 1409 745 1465; x_wconf 84' lang='lat' dir='ltr'>S.</span> <span class='ocrx_word' id='word_1_77' title='bbox 764 1409 840 1464; x_wconf 89' lang='lat' dir='ltr'>Petri</span> <span class='ocrx_word' id='word_1_78' title='bbox 859 1409 993 1466; x_wconf 80' lang='lat' dir='ltr'>Latiniae.</span> <span class='ocrx_word' id='word_1_79' title='bbox 1013 1427 1063 1466; x_wconf 86' lang='lat' dir='ltr'>ser.</span> <span class='ocrx_word' id='word_1_80' title='bbox 1083 1425 1107 1464; x_wconf 81' lang='lat' dir='ltr'>a</span> <span class='ocrx_word' id='word_1_81' title='bbox 1129 1410 1206 1464; x_wconf 89' lang='lat'>1513.</span> 
     </span>
     <span class='ocr_line' id='line_1_12' title="bbox 577 1497 927 1554; baseline 0.003 -2"><span class='ocrx_word' id='word_1_82' title='bbox 577 1515 630 1553; x_wconf 86' lang='lat' dir='ltr'>ms.</span> <span class='ocrx_word' id='word_1_83' title='bbox 647 1497 696 1553; x_wconf 86' lang='lat' dir='ltr'>lat.</span> <span class='ocrx_word' id='word_1_84' title='bbox 716 1499 786 1554; x_wconf 83' lang='lat'>9902</span> <span class='ocrx_word' id='word_1_85' title='bbox 804 1497 852 1554; x_wconf 86' lang='lat' dir='ltr'>fol.</span> <span class='ocrx_word' id='word_1_86' title='bbox 872 1498 927 1553; x_wconf 67' lang='lat'>10²2.</span> 
     </span>
    </p>
   </div>
   <div class='ocr_carea' id='block_1_7' title="bbox 111 1621 1535 2987">
    <p class='ocr_par' dir='ltr' id='par_1_9' title="bbox 111 1621 1535 2987">
     <span class='ocr_line' id='line_1_13' title="bbox 203 1621 1518 1718; baseline 0.001 -31"><span class='ocrx_word' id='word_1_87' title='bbox 203 1623 413 1688; x_wconf 83' lang='lat' dir='ltr'>Innocentius</span> <span class='ocrx_word' id='word_1_88' title='bbox 441 1623 612 1706; x_wconf 90' lang='lat' dir='ltr'>episcopus</span> <span class='ocrx_word' id='word_1_89' title='bbox 641 1644 752 1688; x_wconf 84' lang='lat' dir='ltr'>servus</span> <span class='ocrx_word' id='word_1_90' title='bbox 781 1644 946 1688; x_wconf 86' lang='lat' dir='ltr'>servorum</span> <span class='ocrx_word' id='word_1_91' title='bbox 969 1622 1032 1687; x_wconf 92' lang='lat' dir='ltr'>Dei</span> <span class='ocrx_word' id='word_1_92' title='bbox 1059 1622 1298 1718; x_wconf 72' lang='lat' dir='ltr'>venerabilibus</span> <span class='ocrx_word' id='word_1_93' title='bbox 1329 1621 1393 1688; x_wconf 84' lang='lat' dir='ltr'>fra·</span> <span class='ocrx_word' id='word_1_94' title='bbox 1436 1629 1518 1688; x_wconf 90' lang='lat'>1131</span> 
     </span>
     <span class='ocr_line' id='line_1_14' title="bbox 113 1718 1535 1815; baseline 0 -21"><span class='ocrx_word' id='word_1_95' title='bbox 113 1729 220 1794; x_wconf 87' lang='lat' dir='ltr'>tribus</span> <span class='ocrx_word' id='word_1_96' title='bbox 248 1729 414 1815; x_wconf 90' lang='lat' dir='ltr'>Hen(rico)</span> <span class='ocrx_word' id='word_1_97' title='bbox 446 1728 624 1795; x_wconf 83' lang='lat' dir='ltr'>Senonensi</span> <span class='ocrx_word' id='word_1_98' title='bbox 656 1729 913 1813; x_wconf 88' lang='lat' dir='ltr'>archiepiscopo,</span> <span class='ocrx_word' id='word_1_99' title='bbox 947 1729 1138 1814; x_wconf 71' lang='lat' dir='ltr'>Bluroardo)</span> <span class='ocrx_word' id='word_1_100' title='bbox 1169 1728 1329 1794; x_wconf 89' lang='lat' dir='ltr'>Meldensi</span> <span class='ocrx_word' id='word_1_101' title='bbox 1360 1735 1394 1794; x_wconf 86' lang='lat' dir='ltr'>et</span> <span class='ocrx_word' id='word_1_102' title='bbox 1410 1720 1472 1778; x_wconf 63' lang='lat'>1³¹1·</span> <span class='ocrx_word' id='word_1_103' title='bbox 1485 1718 1535 1778; x_wconf 80' lang='lat'>27·</span> 
     </span>
     <span class='ocr_line' id='line_1_15' title="bbox 113 1835 1392 1921; baseline -0.001 -20"><span class='ocrx_word' id='word_1_104' title='bbox 113 1836 305 1921; x_wconf 86' lang='lat' dir='ltr'>St(ephano)</span> <span class='ocrx_word' id='word_1_105' title='bbox 319 1837 496 1901; x_wconf 89' lang='lat' dir='ltr'>Parisiensi</span> <span class='ocrx_word' id='word_1_106' title='bbox 515 1837 675 1920; x_wconf 92' lang='lat' dir='ltr'>episcopis</span> <span class='ocrx_word' id='word_1_107' title='bbox 695 1837 882 1902; x_wconf 88' lang='lat' dir='ltr'>salutemet</span> <span class='ocrx_word' id='word_1_108' title='bbox 898 1837 1111 1919; x_wconf 88' lang='lat' dir='ltr'>apostolicam</span> <span class='ocrx_word' id='word_1_109' title='bbox 1125 1835 1392 1901; x_wconf 89' lang='lat' dir='ltr'>benedictionem.</span> 
     </span>
     <span class='ocr_line' id='line_1_16' title="bbox 111 1942 1393 2027; baseline -0.001 -20"><span class='ocrx_word' id='word_1_110' title='bbox 111 1943 365 2027; x_wconf 87' lang='lat' dir='ltr'>Latigniacense</span> <span class='ocrx_word' id='word_1_111' title='bbox 387 1944 621 2008; x_wconf 89' lang='lat' dir='ltr'>monasterium</span> <span class='ocrx_word' id='word_1_112' title='bbox 644 1966 664 2008; x_wconf 91' lang='lat' dir='ltr'>a</span> <span class='ocrx_word' id='word_1_113' title='bbox 688 1944 883 2026; x_wconf 89' lang='lat' dir='ltr'>quibusdam</span> <span class='ocrx_word' id='word_1_114' title='bbox 909 1942 1131 2026; x_wconf 83' lang='lat' dir='ltr'>parrochianis</span> <span class='ocrx_word' id='word_1_115' title='bbox 1154 1943 1271 2008; x_wconf 86' lang='lat' dir='ltr'>vestris</span> <span class='ocrx_word' id='word_1_116' title='bbox 1294 1942 1393 2008; x_wconf 84' lang='lat' dir='ltr'>variis</span> 
     </span>
     <span class='ocr_line' id='line_1_17' title="bbox 113 2049 1392 2134; baseline -0.002 -19"><span class='ocrx_word' id='word_1_117' title='bbox 113 2050 338 2116; x_wconf 79' lang='lat' dir='ltr'>exactionibus</span> <span class='ocrx_word' id='word_1_118' title='bbox 369 2055 403 2114; x_wconf 91' lang='lat' dir='ltr'>et</span> <span class='ocrx_word' id='word_1_119' title='bbox 429 2050 539 2116; x_wconf 89' lang='lat' dir='ltr'>multis</span> <span class='ocrx_word' id='word_1_120' title='bbox 562 2052 814 2133; x_wconf 84' lang='lat' dir='ltr'>gravaminibus,</span> <span class='ocrx_word' id='word_1_121' title='bbox 847 2055 944 2134; x_wconf 85' lang='lat' dir='ltr'>prout</span> <span class='ocrx_word' id='word_1_122' title='bbox 974 2051 1172 2132; x_wconf 89' lang='lat' dir='ltr'>accepimus,</span> <span class='ocrx_word' id='word_1_123' title='bbox 1205 2049 1392 2130; x_wconf 62' lang='lat' dir='ltr'>infestatum</span> 
     </span>
     <span class='ocr_line' id='line_1_18' title="bbox 113 2156 1394 2239; baseline -0.002 -17"><span class='ocrx_word' id='word_1_124' title='bbox 113 2159 227 2222; x_wconf 83' lang='lat' dir='ltr'>vinum</span> <span class='ocrx_word' id='word_1_125' title='bbox 241 2156 400 2239; x_wconf 91' lang='lat' dir='ltr'>siquidem</span> <span class='ocrx_word' id='word_1_126' title='bbox 415 2158 584 2222; x_wconf 88' lang='lat' dir='ltr'>occasione</span> <span class='ocrx_word' id='word_1_127' title='bbox 601 2159 818 2224; x_wconf 86' lang='lat' dir='ltr'>concessionis</span> <span class='ocrx_word' id='word_1_128' title='bbox 837 2163 870 2222; x_wconf 93' lang='lat' dir='ltr'>et</span> <span class='ocrx_word' id='word_1_129' title='bbox 888 2156 974 2223; x_wconf 87' lang='lat' dir='ltr'>feodi</span> <span class='ocrx_word' id='word_1_130' title='bbox 997 2156 1039 2221; x_wconf 91' lang='lat' dir='ltr'>ab</span> <span class='ocrx_word' id='word_1_131' title='bbox 1062 2156 1163 2238; x_wconf 90' lang='lat' dir='ltr'>ipsius</span> <span class='ocrx_word' id='word_1_132' title='bbox 1177 2157 1241 2222; x_wconf 90' lang='lat' dir='ltr'>loci</span> <span class='ocrx_word' id='word_1_133' title='bbox 1255 2156 1394 2221; x_wconf 84' lang='lat' dir='ltr'>abbate1</span> 
     </span>
     <span class='ocr_line' id='line_1_19' title="bbox 114 2261 1394 2346; baseline -0.002 -18"><span class='ocrx_word' id='word_1_134' title='bbox 114 2264 245 2346; x_wconf 83' lang='lat' dir='ltr'>exigere</span> <span class='ocrx_word' id='word_1_135' title='bbox 270 2285 327 2346; x_wconf 91' lang='lat' dir='ltr'>per</span> <span class='ocrx_word' id='word_1_136' title='bbox 345 2263 536 2330; x_wconf 83' lang='lat' dir='ltr'>violenciam</span> <span class='ocrx_word' id='word_1_137' title='bbox 554 2263 741 2329; x_wconf 87' lang='lat' dir='ltr'>moliuntur.</span> <span class='ocrx_word' id='word_1_138' title='bbox 780 2261 865 2346; x_wconf 83' lang='lat' dir='ltr'>Quia</span> <span class='ocrx_word' id='word_1_139' title='bbox 888 2284 965 2345; x_wconf 86' lang='lat' dir='ltr'>ergo</span> <span class='ocrx_word' id='word_1_140' title='bbox 988 2283 1028 2327; x_wconf 88' lang='lat' dir='ltr'>ex</span> <span class='ocrx_word' id='word_1_141' title='bbox 1050 2263 1212 2328; x_wconf 69' lang='lat' dir='ltr'>iniunctoa</span> <span class='ocrx_word' id='word_1_142' title='bbox 1235 2262 1394 2346; x_wconf 88' lang='lat' dir='ltr'>pastorali</span> 
     </span>
     <span class='ocr_line' id='line_1_20' title="bbox 114 2369 1393 2454; baseline -0.001 -20"><span class='ocrx_word' id='word_1_143' title='bbox 114 2369 223 2435; x_wconf 81' lang='lat' dir='ltr'>officio</span> <span class='ocrx_word' id='word_1_144' title='bbox 246 2370 339 2436; x_wconf 90' lang='lat' dir='ltr'>nobis</span> <span class='ocrx_word' id='word_1_145' title='bbox 362 2369 531 2452; x_wconf 80' lang='lat' dir='ltr'>incumbit,</span> <span class='ocrx_word' id='word_1_146' title='bbox 556 2376 665 2434; x_wconf 90' lang='lat' dir='ltr'>errata</span> <span class='ocrx_word' id='word_1_147' title='bbox 688 2372 863 2454; x_wconf 84' lang='lat' dir='ltr'>corrigere,</span> <span class='ocrx_word' id='word_1_148' title='bbox 888 2370 1086 2435; x_wconf 84' lang='lat' dir='ltr'>fraternitati</span> <span class='ocrx_word' id='word_1_149' title='bbox 1109 2369 1233 2434; x_wconf 80' lang='lat' dir='ltr'>restrab</span> <span class='ocrx_word' id='word_1_150' title='bbox 1255 2369 1393 2453; x_wconf 90' lang='lat' dir='ltr'>precipi-</span> 
     </span>
     <span class='ocr_line' id='line_1_21' title="bbox 114 2476 1394 2561; baseline -0.001 -20"><span class='ocrx_word' id='word_1_151' title='bbox 114 2499 197 2558; x_wconf 90' lang='lat' dir='ltr'>mus,</span> <span class='ocrx_word' id='word_1_152' title='bbox 222 2479 375 2560; x_wconf 87' lang='lat' dir='ltr'>quatinus</span> <span class='ocrx_word' id='word_1_153' title='bbox 395 2477 525 2542; x_wconf 89' lang='lat' dir='ltr'>eosdem</span> <span class='ocrx_word' id='word_1_154' title='bbox 544 2476 775 2561; x_wconf 88' lang='lat' dir='ltr'>parrochianos</span> <span class='ocrx_word' id='word_1_155' title='bbox 790 2483 914 2543; x_wconf 81' lang='lat' dir='ltr'>vestros</span> <span class='ocrx_word' id='word_1_156' title='bbox 932 2477 1173 2558; x_wconf 87' lang='lat' dir='ltr'>commoneatis,</span> <span class='ocrx_word' id='word_1_157' title='bbox 1193 2481 1229 2540; x_wconf 89' lang='lat' dir='ltr'>ut</span> <span class='ocrx_word' id='word_1_158' title='bbox 1248 2476 1394 2542; x_wconf 82' lang='lat' dir='ltr'>adriam</span> 
     </span>
     <span class='ocr_line' id='line_1_22' title="bbox 114 2582 1394 2667; baseline 0 -19"><span class='ocrx_word' id='word_1_159' title='bbox 114 2585 257 2650; x_wconf 91' lang='lat' dir='ltr'>racionis</span> <span class='ocrx_word' id='word_1_160' title='bbox 284 2590 318 2649; x_wconf 91' lang='lat' dir='ltr'>et</span> <span class='ocrx_word' id='word_1_161' title='bbox 343 2584 472 2648; x_wconf 90' lang='lat' dir='ltr'>iusticie</span> <span class='ocrx_word' id='word_1_162' title='bbox 504 2582 640 2649; x_wconf 89' lang='lat' dir='ltr'>redeant</span> <span class='ocrx_word' id='word_1_163' title='bbox 671 2606 730 2650; x_wconf 88' lang='lat' dir='ltr'>nec</span> <span class='ocrx_word' id='word_1_164' title='bbox 763 2606 860 2667; x_wconf 90' lang='lat' dir='ltr'>super</span> <span class='ocrx_word' id='word_1_165' title='bbox 891 2584 953 2649; x_wconf 93' lang='lat' dir='ltr'>hoc</span> <span class='ocrx_word' id='word_1_166' title='bbox 975 2582 1138 2666; x_wconf 82' lang='lat' dir='ltr'>prefatum</span> <span class='ocrx_word' id='word_1_167' title='bbox 1161 2584 1394 2649; x_wconf 88' lang='lat' dir='ltr'>monasterium</span> 
     </span>
     <span class='ocr_line' id='line_1_23' title="bbox 114 2689 1393 2775; baseline 0.001 -22"><span class='ocrx_word' id='word_1_168' title='bbox 114 2692 306 2773; x_wconf 89' lang='lat' dir='ltr'>inquietent.</span> <span class='ocrx_word' id='word_1_169' title='bbox 346 2689 440 2772; x_wconf 82' lang='lat' dir='ltr'>Quod</span> <span class='ocrx_word' id='word_1_170' title='bbox 464 2691 491 2754; x_wconf 90' lang='lat' dir='ltr'>si</span> <span class='ocrx_word' id='word_1_171' title='bbox 514 2693 631 2756; x_wconf 85' lang='lat' dir='ltr'>vestris</span> <span class='ocrx_word' id='word_1_172' title='bbox 655 2691 787 2757; x_wconf 91' lang='lat' dir='ltr'>monitis</span> <span class='ocrx_word' id='word_1_173' title='bbox 809 2712 925 2774; x_wconf 89' lang='lat' dir='ltr'>parere</span> <span class='ocrx_word' id='word_1_174' title='bbox 952 2691 1206 2774; x_wconf 85' lang='lat' dir='ltr'>contempserint</span> <span class='ocrx_word' id='word_1_175' title='bbox 1232 2696 1307 2775; x_wconf 92' lang='lat' dir='ltr'>post</span> <span class='ocrx_word' id='word_1_176' title='bbox 1329 2696 1393 2755; x_wconf 87' lang='lat' dir='ltr'>ter-</span> 
     </span>
     <span class='ocr_line' id='line_1_24' title="bbox 114 2797 1394 2880; baseline 0.001 -19"><span class='ocrx_word' id='word_1_177' title='bbox 114 2799 200 2863; x_wconf 87' lang='lat' dir='ltr'>ciam</span> <span class='ocrx_word' id='word_1_178' title='bbox 233 2799 519 2863; x_wconf 88' lang='lat' dir='ltr'>commonicionem</span> <span class='ocrx_word' id='word_1_179' title='bbox 547 2799 701 2864; x_wconf 86' lang='lat' dir='ltr'>canonice</span> <span class='ocrx_word' id='word_1_180' title='bbox 736 2798 873 2880; x_wconf 87' lang='lat' dir='ltr'>factam,</span> <span class='ocrx_word' id='word_1_181' title='bbox 906 2803 1024 2862; x_wconf 84' lang='lat' dir='ltr'>extunc</span> <span class='ocrx_word' id='word_1_182' title='bbox 1059 2797 1144 2862; x_wconf 82' lang='lat' dir='ltr'>infra</span> <span class='ocrx_word' id='word_1_183' title='bbox 1176 2797 1394 2880; x_wconf 84' lang='lat' dir='ltr'>quadraginta</span> 
     </span>
     <span class='ocr_line' id='line_1_25' title="bbox 115 2903 1392 2987; baseline 0.001 -19"><span class='ocrx_word' id='word_1_184' title='bbox 115 2905 194 2986; x_wconf 91' lang='lat' dir='ltr'>dies,</span> <span class='ocrx_word' id='word_1_185' title='bbox 219 2903 321 2969; x_wconf 90' lang='lat' dir='ltr'>donec</span> <span class='ocrx_word' id='word_1_186' title='bbox 341 2903 567 2986; x_wconf 83' lang='lat' dir='ltr'>satisfecerint,</span> <span class='ocrx_word' id='word_1_187' title='bbox 595 2906 708 2970; x_wconf 92' lang='lat' dir='ltr'>ineos</span> <span class='ocrx_word' id='word_1_188' title='bbox 732 2905 1073 2970; x_wconf 86' lang='lat' dir='ltr'>excommunicationis</span> <span class='ocrx_word' id='word_1_189' title='bbox 1102 2905 1296 2970; x_wconf 86' lang='lat' dir='ltr'>sententiam</span> <span class='ocrx_word' id='word_1_190' title='bbox 1319 2927 1392 2987; x_wconf 92' lang='lat' dir='ltr'>pro·</span> 
     </span>
    </p>
   </div>
   <div class='ocr_carea' id='block_1_8' title="bbox 113 3009 975 3094">
    <p class='ocr_par' dir='ltr' id='par_1_10' title="bbox 113 3009 975 3094">
     <span class='ocr_line' id='line_1_26' title="bbox 113 3009 975 3094; baseline 0.002 -19"><span class='ocrx_word' id='word_1_191' title='bbox 113 3011 276 3094; x_wconf 84' lang='lat' dir='ltr'>mulgetia</span> <span class='ocrx_word' id='word_1_192' title='bbox 323 3012 445 3076; x_wconf 89' lang='lat' dir='ltr'>Datum</span> <span class='ocrx_word' id='word_1_193' title='bbox 469 3012 601 3078; x_wconf 84' lang='lat' dir='ltr'>Provini</span> <span class='ocrx_word' id='word_1_194' title='bbox 624 3009 672 3075; x_wconf 91' lang='lat' dir='ltr'>VI</span> <span class='ocrx_word' id='word_1_195' title='bbox 694 3011 768 3077; x_wconf 89' lang='lat' dir='ltr'>Kal.</span> <span class='ocrx_word' id='word_1_196' title='bbox 792 3011 975 3077; x_wconf 84' lang='lat' dir='ltr'>Februarii.</span> 
     </span>
    </p>
   </div>
   <div class='ocr_carea' id='block_1_9' title="bbox 113 3227 1394 3521">
    <p class='ocr_par' dir='ltr' id='par_1_11' title="bbox 113 3227 1394 3521">
     <span class='ocr_line' id='line_1_27' title="bbox 113 3227 1394 3306; baseline -0.004 -13"><span class='ocrx_word' id='word_1_197' title='bbox 113 3227 192 3294; x_wconf 77' lang='grc'><strong>175.</strong></span> <span class='ocrx_word' id='word_1_198' title='bbox 226 3229 415 3290; x_wconf 74' lang='lat' dir='ltr'>Innocentius</span> <span class='ocrx_word' id='word_1_199' title='bbox 432 3231 468 3290; x_wconf 89' lang='grc' dir='ltr'>ΙΙ</span> <span class='ocrx_word' id='word_1_200' title='bbox 486 3230 826 3304; x_wconf 59' lang='lat' dir='ltr'>mancupationem,</span> <span class='ocrx_word' id='word_1_201' title='bbox 850 3230 886 3291; x_wconf 82' lang='lat' dir='ltr'>ab</span> <span class='ocrx_word' id='word_1_202' title='bbox 904 3229 1030 3289; x_wconf 76' lang='lat' dir='ltr'>Hoan&#39;co</span> <span class='ocrx_word' id='word_1_203' title='bbox 1053 3230 1183 3306; x_wconf 60' lang='lat' dir='ltr'>wmcopo</span> <span class='ocrx_word' id='word_1_204' title='bbox 1209 3230 1338 3288; x_wconf 68' lang='lat' dir='ltr'>lblleaa</span> <span class='ocrx_word' id='word_1_205' title='bbox 1359 3230 1394 3288; x_wconf 83' lang='lat' dir='ltr'>c&#39;o</span> 
     </span>
     <span class='ocr_line' id='line_1_28' title="bbox 226 3337 1393 3414; baseline 0.001 -20"><span class='ocrx_word' id='word_1_206' title='bbox 226 3337 411 3395; x_wconf 64' lang='lat' dir='ltr'>asaiaco</span> <span class='ocrx_word' id='word_1_207' title='bbox 432 3337 567 3396; x_wconf 76' lang='lat' dir='ltr'>comitem</span> <span class='ocrx_word' id='word_1_208' title='bbox 590 3338 720 3414; x_wconf 78' lang='lat' dir='ltr'>aliosque</span> <span class='ocrx_word' id='word_1_209' title='bbox 746 3338 876 3397; x_wconf 65' lang='lat' dir='ltr'>ecebacc</span> <span class='ocrx_word' id='word_1_210' title='bbox 902 3338 1052 3396; x_wconf 76' lang='lat' dir='ltr'>invaseras</span> <span class='ocrx_word' id='word_1_211' title='bbox 1074 3337 1223 3412; x_wconf 75' lang='lat' dir='ltr'>probatura</span> <span class='ocrx_word' id='word_1_212' title='bbox 1246 3343 1272 3396; x_wconf 79' lang='lat' dir='ltr'>ct</span> <span class='ocrx_word' id='word_1_213' title='bbox 1294 3355 1313 3394; x_wconf 88' lang='lat' dir='ltr'>a</span> <span class='ocrx_word' id='word_1_214' title='bbox 1340 3337 1393 3396; x_wconf 80' lang='lat' dir='ltr'>Uc-</span> 
     </span>
     <span class='ocr_line' id='line_1_29' title="bbox 227 3442 997 3521; baseline 0.003 -21"><span class='ocrx_word' id='word_1_215' title='bbox 227 3442 299 3501; x_wconf 79' lang='lat' dir='ltr'>liato</span> <span class='ocrx_word' id='word_1_216' title='bbox 322 3443 358 3503; x_wconf 91' lang='grc' dir='ltr'>ΙΙ</span> <span class='ocrx_word' id='word_1_217' title='bbox 375 3463 409 3502; x_wconf 85' lang='lat' dir='ltr'>cc</span> <span class='ocrx_word' id='word_1_218' title='bbox 431 3444 564 3504; x_wconf 71' lang='lat' dir='ltr'>Honorio</span> <span class='ocrx_word' id='word_1_219' title='bbox 586 3445 623 3504; x_wconf 93' lang='grc' dir='ltr'>ΙΙ</span> <span class='ocrx_word' id='word_1_220' title='bbox 635 3445 810 3518; x_wconf 82' lang='lat' dir='ltr'>roboratam,</span> <span class='ocrx_word' id='word_1_221' title='bbox 834 3446 997 3521; x_wconf 78' lang='lat' dir='ltr'>confirmet.</span> 
     </span>
    </p>
   </div>
   <div class='ocr_carea' id='block_1_10' title="bbox 240 3562 1261 3620">
    <p class='ocr_par' dir='ltr' id='par_1_12' title="bbox 240 3562 1261 3620">
     <span class='ocr_line' id='line_1_30' title="bbox 240 3562 1261 3620; baseline 0.001 -4"><span class='ocrx_word' id='word_1_222' title='bbox 240 3562 313 3617; x_wconf 92' lang='lat' dir='ltr'>Bibl.</span> <span class='ocrx_word' id='word_1_223' title='bbox 332 3567 389 3617; x_wconf 91' lang='lat' dir='ltr'>nat.</span> <span class='ocrx_word' id='word_1_224' title='bbox 408 3563 494 3618; x_wconf 88' lang='lat' dir='ltr'>Paris.</span> <span class='ocrx_word' id='word_1_225' title='bbox 514 3581 564 3618; x_wconf 87' lang='lat' dir='ltr'>ms.</span> <span class='ocrx_word' id='word_1_226' title='bbox 583 3564 632 3619; x_wconf 89' lang='lat' dir='ltr'>lat.</span> <span class='ocrx_word' id='word_1_227' title='bbox 653 3565 737 3620; x_wconf 86' lang='grc'>16991</span> <span class='ocrx_word' id='word_1_228' title='bbox 758 3564 805 3619; x_wconf 82' lang='lat' dir='ltr'>fol.</span> <span class='ocrx_word' id='word_1_229' title='bbox 825 3564 890 3618; x_wconf 72' lang='lat'>22711</span> <span class='ocrx_word' id='word_1_230' title='bbox 918 3580 1004 3618; x_wconf 85' lang='lat' dir='ltr'>manu</span> <span class='ocrx_word' id='word_1_231' title='bbox 1023 3581 1044 3618; x_wconf 89' lang='lat' dir='ltr'>s.</span> <span class='ocrx_word' id='word_1_232' title='bbox 1063 3576 1261 3618; x_wconf 72' lang='lat' dir='ltr'>xvn--xvna</span> 
     </span>
    </p>
   </div>
   <div class='ocr_carea' id='block_1_11' title="bbox 112 3686 1538 4411">
    <p class='ocr_par' dir='ltr' id='par_1_13' title="bbox 112 3686 1538 4411">
     <span class='ocr_line' id='line_1_31' title="bbox 203 3686 1525 3771; baseline 0.003 -21"><span class='ocrx_word' id='word_1_233' title='bbox 203 3686 413 3752; x_wconf 79' lang='lat' dir='ltr'>innocentius</span> <span class='ocrx_word' id='word_1_234' title='bbox 433 3689 619 3771; x_wconf 81' lang='lat' dir='ltr'>episcopus⁰</span> <span class='ocrx_word' id='word_1_235' title='bbox 639 3710 749 3754; x_wconf 87' lang='lat' dir='ltr'>servus</span> <span class='ocrx_word' id='word_1_236' title='bbox 769 3711 935 3754; x_wconf 88' lang='lat' dir='ltr'>servorum</span> <span class='ocrx_word' id='word_1_237' title='bbox 949 3688 1012 3752; x_wconf 92' lang='lat' dir='ltr'>Dei</span> <span class='ocrx_word' id='word_1_238' title='bbox 1031 3687 1157 3752; x_wconf 91' lang='lat' dir='ltr'>dilectis</span> <span class='ocrx_word' id='word_1_239' title='bbox 1177 3687 1253 3752; x_wconf 91' lang='lat' dir='ltr'>filiis</span> <span class='ocrx_word' id='word_1_240' title='bbox 1271 3688 1393 3753; x_wconf 87' lang='lat' dir='ltr'>decano</span> <span class='ocrx_word' id='word_1_241' title='bbox 1441 3697 1525 3754; x_wconf 82' lang='lat'>1132</span> 
     </span>
     <span class='ocr_line' id='line_1_32' title="bbox 113 3787 1538 3876; baseline 0.001 -17"><span class='ocrx_word' id='word_1_242' title='bbox 113 3801 147 3859; x_wconf 91' lang='lat' dir='ltr'>et</span> <span class='ocrx_word' id='word_1_243' title='bbox 171 3795 289 3858; x_wconf 90' lang='lat' dir='ltr'>ceteris</span> <span class='ocrx_word' id='word_1_244' title='bbox 312 3793 473 3858; x_wconf 79' lang='lat' dir='ltr'>Tullensis</span> <span class='ocrx_word' id='word_1_245' title='bbox 497 3794 652 3860; x_wconf 86' lang='lat' dir='ltr'>ecclesiae</span> <span class='ocrx_word' id='word_1_246' title='bbox 679 3795 834 3860; x_wconf 81' lang='lat' dir='ltr'>fratribus</span> <span class='ocrx_word' id='word_1_247' title='bbox 854 3796 992 3859; x_wconf 90' lang='lat' dir='ltr'>salutem</span> <span class='ocrx_word' id='word_1_248' title='bbox 1011 3799 1044 3858; x_wconf 92' lang='lat' dir='ltr'>et</span> <span class='ocrx_word' id='word_1_249' title='bbox 1062 3793 1274 3876; x_wconf 88' lang='lat' dir='ltr'>apostolicam</span> <span class='ocrx_word' id='word_1_250' title='bbox 1297 3794 1393 3860; x_wconf 93' lang='lat' dir='ltr'>bene·</span> <span class='ocrx_word' id='word_1_251' title='bbox 1412 3787 1475 3846; x_wconf 69' lang='lat'>001·</span> <span class='ocrx_word' id='word_1_252' title='bbox 1489 3787 1538 3844; x_wconf 82' lang='lat'>29·</span> 
     </span>
     <span class='ocr_line' id='line_1_33' title="bbox 114 3899 1393 3991; baseline 0.002 -27"><span class='ocrx_word' id='word_1_253' title='bbox 114 3901 300 3965; x_wconf 88' lang='lat' dir='ltr'>dictionem.</span> <span class='ocrx_word' id='word_1_254' title='bbox 347 3899 551 3991; x_wconf 87' lang='lat' dir='ltr'>Venerabilis</span> <span class='ocrx_word' id='word_1_255' title='bbox 575 3902 684 3967; x_wconf 87' lang='lat' dir='ltr'>fratris</span> <span class='ocrx_word' id='word_1_256' title='bbox 707 3903 811 3968; x_wconf 89' lang='lat' dir='ltr'>nostri</span> <span class='ocrx_word' id='word_1_257' title='bbox 833 3901 977 3981; x_wconf 91' lang='lat' dir='ltr'>Henrici,</span> <span class='ocrx_word' id='word_1_258' title='bbox 1003 3901 1145 3984; x_wconf 89' lang='lat' dir='ltr'>episcopi</span> <span class='ocrx_word' id='word_1_259' title='bbox 1168 3903 1282 3984; x_wconf 84' lang='lat' dir='ltr'>vestri,</span> <span class='ocrx_word' id='word_1_260' title='bbox 1311 3902 1393 3966; x_wconf 90' lang='lat' dir='ltr'>rela-</span> 
     </span>
     <span class='ocr_line' id='line_1_34' title="bbox 112 4006 1510 4091; baseline 0.001 -20"><span class='ocrx_word' id='word_1_261' title='bbox 112 4007 203 4072; x_wconf 91' lang='lat' dir='ltr'>tione</span> <span class='ocrx_word' id='word_1_262' title='bbox 227 4008 420 4091; x_wconf 77' lang='lat' dir='ltr'>aooepimuS,</span> <span class='ocrx_word' id='word_1_263' title='bbox 445 4008 655 4073; x_wconf 80' lang='lat' dir='ltr'>Fredericum</span> <span class='ocrx_word' id='word_1_264' title='bbox 683 4009 834 4073; x_wconf 89' lang='lat' dir='ltr'>comitem</span> <span class='ocrx_word' id='word_1_265' title='bbox 862 4007 955 4072; x_wconf 82' lang='lat' dir='ltr'>villas</span> <span class='ocrx_word' id='word_1_266' title='bbox 979 4006 1239 4089; x_wconf 91' lang='lat' dir='ltr'>praebendarum</span> <span class='ocrx_word' id='word_1_267' title='bbox 1267 4013 1393 4073; x_wconf 87' lang='lat' dir='ltr'>vestrae</span> <span class='ocrx_word' id='word_1_268' title='bbox 1507 4067 1510 4073; x_wconf 92' lang='lat'>.</span> 
     </span>
     <span class='ocr_line' id='line_1_35' title="bbox 114 4114 1394 4196; baseline -0.001 -17"><span class='ocrx_word' id='word_1_269' title='bbox 114 4114 272 4179; x_wconf 89' lang='lat' dir='ltr'>ecclesiae</span> <span class='ocrx_word' id='word_1_270' title='bbox 301 4115 482 4195; x_wconf 90' lang='lat' dir='ltr'>inquietare</span> <span class='ocrx_word' id='word_1_271' title='bbox 514 4119 547 4179; x_wconf 88' lang='lat' dir='ltr'>et</span> <span class='ocrx_word' id='word_1_272' title='bbox 580 4120 693 4179; x_wconf 89' lang='lat' dir='ltr'>contra</span> <span class='ocrx_word' id='word_1_273' title='bbox 715 4114 883 4180; x_wconf 86' lang='lat' dir='ltr'>Romanae</span> <span class='ocrx_word' id='word_1_274' title='bbox 911 4114 1066 4178; x_wconf 85' lang='lat' dir='ltr'>ecclesiae</span> <span class='ocrx_word' id='word_1_275' title='bbox 1089 4114 1273 4196; x_wconf 82' lang='lat' dir='ltr'>privilegia,</span> <span class='ocrx_word' id='word_1_276' title='bbox 1297 4120 1394 4196; x_wconf 90' lang='lat' dir='ltr'>prout</span> 
     </span>
     <span class='ocr_line' id='line_1_36' title="bbox 114 4219 1393 4304; baseline -0.001 -18"><span class='ocrx_word' id='word_1_277' title='bbox 114 4220 273 4301; x_wconf 87' lang='lat' dir='ltr'>asseritis,</span> <span class='ocrx_word' id='word_1_278' title='bbox 297 4219 564 4304; x_wconf 88' lang='lat' dir='ltr'>hospitalitatem,</span> <span class='ocrx_word' id='word_1_279' title='bbox 589 4243 662 4285; x_wconf 89' lang='lat' dir='ltr'>cum</span> <span class='ocrx_word' id='word_1_280' title='bbox 685 4221 808 4286; x_wconf 90' lang='lat' dir='ltr'>nullam</span> <span class='ocrx_word' id='word_1_281' title='bbox 828 4221 867 4286; x_wconf 90' lang='lat' dir='ltr'>de</span> <span class='ocrx_word' id='word_1_282' title='bbox 891 4221 960 4284; x_wconf 91' lang='lat' dir='ltr'>iure</span> <span class='ocrx_word' id='word_1_283' title='bbox 983 4221 1017 4284; x_wconf 92' lang='lat' dir='ltr'>in</span> <span class='ocrx_word' id='word_1_284' title='bbox 1035 4220 1101 4285; x_wconf 91' lang='lat' dir='ltr'>illis</span> <span class='ocrx_word' id='word_1_285' title='bbox 1120 4226 1234 4286; x_wconf 87' lang='lat' dir='ltr'>contra</span> <span class='ocrx_word' id='word_1_286' title='bbox 1252 4225 1393 4285; x_wconf 89' lang='lat' dir='ltr'>vestram</span> 
     </span>
     <span class='ocr_line' id='line_1_37' title="bbox 114 4327 1391 4411; baseline 0 -19"><span class='ocrx_word' id='word_1_287' title='bbox 114 4327 361 4411; x_wconf 87' lang='lat' dir='ltr'>dispositionem</span> <span class='ocrx_word' id='word_1_288' title='bbox 384 4328 516 4410; x_wconf 89' lang='lat' dir='ltr'>habeat,</span> <span class='ocrx_word' id='word_1_289' title='bbox 540 4334 638 4411; x_wconf 89' lang='lat' dir='ltr'>atque</span> <span class='ocrx_word' id='word_1_290' title='bbox 657 4329 739 4392; x_wconf 91' lang='lat' dir='ltr'>alias</span> <span class='ocrx_word' id='word_1_291' title='bbox 758 4328 944 4392; x_wconf 85' lang='lat' dir='ltr'>exactiones</span> <span class='ocrx_word' id='word_1_292' title='bbox 966 4347 1025 4410; x_wconf 89' lang='lat' dir='ltr'>per</span> <span class='ocrx_word' id='word_1_293' title='bbox 1044 4327 1230 4392; x_wconf 91' lang='lat' dir='ltr'>violentiam</span> <span class='ocrx_word' id='word_1_294' title='bbox 1253 4327 1391 4409; x_wconf 84' lang='lat' dir='ltr'>exigere.</span> 
     </span>
    </p>
   </div>
   <div class='ocr_carea' id='block_1_12' title="bbox 204 4505 1205 4574">
    <p class='ocr_par' dir='ltr' id='par_1_14' title="bbox 204 4505 1205 4574">
     <span class='ocr_line' id='line_1_38' title="bbox 204 4505 1205 4574; baseline 0.002 -18"><span class='ocrx_word' id='word_1_295' title='bbox 204 4514 216 4537; x_wconf 71' lang='lat'>³</span> <span class='ocrx_word' id='word_1_296' title='bbox 234 4509 321 4558; x_wconf 83' lang='lat' dir='ltr'>innato</span> <span class='ocrx_word' id='word_1_297' title='bbox 339 4528 358 4558; x_wconf 85' lang='lat' dir='ltr'>c.</span> <span class='ocrx_word' id='word_1_298' title='bbox 432 4505 444 4538; x_wconf 76' lang='lat'>¹³</span> <span class='ocrx_word' id='word_1_299' title='bbox 462 4513 544 4560; x_wconf 84' lang='lat' dir='ltr'>vestre</span> <span class='ocrx_word' id='word_1_300' title='bbox 562 4513 623 4559; x_wconf 71' lang='lat' dir='ltr'>dccet</span> <span class='ocrx_word' id='word_1_301' title='bbox 640 4513 666 4558; x_wconf 81' lang='lat' dir='ltr'>iu</span> <span class='ocrx_word' id='word_1_302' title='bbox 683 4511 735 4559; x_wconf 85' lang='lat' dir='ltr'>cod.</span> <span class='ocrx_word' id='word_1_303' title='bbox 808 4514 818 4537; x_wconf 74' lang='lat'><strong>⁶</strong></span> <span class='ocrx_word' id='word_1_304' title='bbox 837 4509 967 4574; x_wconf 89' lang='lat' dir='ltr'>episcopus</span> <span class='ocrx_word' id='word_1_305' title='bbox 986 4511 1093 4558; x_wconf 66' lang='lat' dir='ltr'>amdam</span> <span class='ocrx_word' id='word_1_306' title='bbox 1110 4512 1135 4557; x_wconf 77' lang='lat' dir='ltr'>in</span> <span class='ocrx_word' id='word_1_307' title='bbox 1153 4511 1205 4558; x_wconf 85' lang='lat' dir='ltr'>cod.</span> 
     </span>
    </p>
   </div>
   <div class='ocr_carea' id='block_1_13' title="bbox 205 4611 366 4669">
    <p class='ocr_par' dir='ltr' id='par_1_15' title="bbox 205 4611 366 4669">
     <span class='ocr_line' id='line_1_39' title="bbox 205 4611 366 4669; baseline -0.006 0"><span class='ocrx_word' id='word_1_308' title='bbox 205 4616 216 4645; x_wconf 84' lang='lat'><strong>¹</strong></span> <span class='ocrx_word' id='word_1_309' title='bbox 234 4611 366 4669; x_wconf 84' lang='lat' dir='ltr'>Radulfo.</span> 
     </span>
    </p>
   </div>
   <div class='ocr_carea' id='block_1_14' title="bbox 0 0 1674 5184">
    <p class='ocr_par' dir='ltr' id='par_1_16' title="bbox 0 0 1674 5184">
     <span class='ocr_line' id='line_1_40' title="bbox 0 0 1674 5184; baseline 0 0"><span class='ocrx_word' id='word_1_310' title='bbox 0 0 1674 5184; x_wconf 95' lang='lat' dir='ltr'> </span> 
     </span>
    </p>
   </div>
  </div>
 </body>
</html>
