3296 5178
313 315 333 376 4
766 327 895 382 Guuasn
913 342 925 380 1
944 339 1111 382 urrsuomn
1130 329 1145 379 7

136 473 399 573 49411.-ρ’11111
422 489 635 572 preindicium
660 493 873 570 compararet.
920 487 969 552 Ac
993 509 1066 552 cum
1090 486 1272 550 animorum
1296 507 1413 550 causas
1438 492 1470 550 et
1489 487 1591 551 solam

158 581 270 640 495111.
312 597 524 660 intentionem
546 595 707 678 petitoriis
735 595 881 676 legamus
911 611 981 658 esse
1004 593 1206 673 verborum,²
1225 613 1461 674 supervacuum
1489 593 1590 656 oredi-

312 703 417 766 dimus
442 702 483 766 ad
508 701 617 765 sedem
640 706 785 765 nostram
808 721 923 766 vocare
946 700 1123 782 litigantes
1171 697 1354 781 Stephanus
1379 699 1499 762 etenim
1523 699 1590 762 dia-

312 831 410 874 eonus
430 808 584 872 adversus
603 807 798 872 Faustinum
818 807 1083 871 archidiaconum
1102 827 1196 869 suum
1220 806 1259 869 de
1283 811 1402 893 negata
1426 805 1488 868 sibi
1511 826 1591 887 pace

312 915 407 980 etde
434 915 602 980 horrendis
630 914 757 977 iniuriis
787 913 929 977 deflebat
956 913 1108 995 inpactis,
1141 918 1239 994 atque
1268 912 1310 975 ad
1338 917 1485 976 nostrum
1508 912 1590 975 iudi-

313 1016 397 1086 cium
420 1023 527 1104 ipsum
546 1020 753 1103 supplicabat
772 1020 890 1084 debere
913 1018 1093 1084 transferri.
1136 1017 1396 1083 Archidiaconus
1416 1038 1501 1098 vero,
1525 1039 1590 1081 me-

313 1128 493 1193 diocritatis
511 1127 704 1210 allegatione
719 1127 878 1208 premissa
896 1125 1127 1208 sequentium,b
1151 1146 1184 1188 se
1204 1125 1283 1188 dicit
1302 1125 1508 1189 insolentiam
1526 1147 1590 1188 non

313 1234 440 1315 durare,
466 1239 507 1315 et,
531 1233 735 1314 honoreque
756 1233 1007 1314 utiturpenitus
1030 1233 1211 1312 imminuto,
1239 1232 1359 1314 gradus
1384 1231 1435 1294 sui
1459 1252 1590 1295 consue-

312 1341 458 1404 tudinem
482 1340 625 1404 debitam
649 1339 891 1403 commodorum
915 1338 977 1401 sibi
1001 1339 1117 1403 asserit
1141 1338 1305 1419 abnegari.
1352 1337 1397 1400 Et
1420 1337 1502 1418 ideo,
1527 1336 1590 1400 fra·

312 1453 378 1511 tres
419 1445 596 1527 karissimi,
638 1434 849 1527 utrorumque
886 1425 1153 1526 deplorationem*
1187 1449 1294 1508 certa⁰
1334 1443 1590 1507 consideratione

314 1554 493 1634 cogitantes
511 1573 683 1635 personam
703 1557 844 1616 vestram
864 1551 1058 1615 credidimus
1078 1551 1273 1633 eligendam,
1294 1549 1412 1632 quibus
1432 1550 1590 1614 audienti-

312 1659 374 1723 bus
398 1658 643 1723 archidiaconus
667 1679 726 1723 nec
750 1659 789 1724 de
813 1657 1003 1741 fatigatione
1027 1679 1086 1722 nec
1113 1658 1152 1721 de
1177 1657 1329 1739 gravibus
1354 1661 1510 1739 queratur
1532 1657 1590 1720 im·

313 1766 432 1847 pensis
453 1770 485 1828 et
502 1763 685 1847 Stephanus
701 1766 856 1829 diaconus
872 1765 992 1829 talibus
1011 1763 1073 1828 sibi
1091 1763 1233 1846 gaudeat
1252 1762 1473 1846 cognitoribus
1492 1762 1590 1850 fuisse

313 1876 530 1954 prospectum,
554 1876 591 1935 ut
614 1892 653 1936 ex
676 1876 769 1954 parte
792 1871 893 1935 nichil
915 1870 1037 1934 habeat
1059 1871 1125 1934 iam
1149 1870 1309 1952 querelae.

313 2229 346 2296 ’7.
385 2231 560 2291 Gelenius]
581 2231 723 2290 Gerontio
756 2231 886 2306 episcopo
912 2229 1047 2288 Volcensc'
1072 2230 1208 2304 moadot,
1241 2231 1390 2306 inquirat,
1418 2249 1495 2289 nam
1517 2231 1590 2306 epis-

380 2357 469 2414 copas
492 2338 668 2396 Potentibus
699 2342 847 2395 sacratarn
872 2343 1015 2412 patenam
1047 2337 1196 2396 abstulerit
1228 2343 1254 2396 et
1284 2337 1319 2395 in
1346 2337 1486 2412 proprios
1517 2355 1591 2395 usos

381 2444 556 2503 converterit.
602 2443 784 2502 Relationem
801 2442 957 2518 grostntot.1
1157 2441 1158 2444 ’

331 2543 333 2547 ’
390 2562 460 2616 con.
479 2561 548 2616 Brit.
568 2560 630 2616 cei.
649 2577 691 2630 ep.
712 2561 755 2628 12,
773 2561 803 2614 u
821 2560 881 2616 cod.
901 2561 1063 2624 Musam.
1082 2560 1156 2615 aaa.
1175 2561 1245 2616 esis
1264 2579 1285 2616 s.
1305 2547 1411 2615 xn'rn.
1430 2561 1476 2616 fu.
1497 2565 1539 2616 u.

138 2739 201 2798 494
218 2758 296 2797 ffi-
403 2720 561 2786 Geruntio
595 2721 744 2803 episcopo
776 2719 962 2785 Valvensi.<¹
1016 2721 1237 2794 Exsecrabilis
1271 2721 1433 2804 sacrilegii
1470 2723 1591 2788 abomi-

158 2827 272 2886 495in.
313 2827 422 2892 nanda
446 2827 628 2892 commissio
652 2828 699 2891 ita
722 2849 781 2892 nos
804 2829 949 2910 petitorii
971 2829 1188 2893 insinuatione
1212 2835 1442 2911 commoverat,
1471 2836 1508 2894 ut
1530 2830 1592 2892 nisi

313 2933 583 3016 longinquitatem
607 2934 821 3016 cogitaremus
844 2934 979 3016 itineris,
1004 2934 1046 2998 ad
1072 2922 1349 3000 sedem'nostram
1368 2941 1493 3000 tantam
1517 2957 1591 2999 cau-

314 3061 385 3104 sam
408 3039 587 3104 faeeremus
612 3039 777 3104 destinari.
825 3039 889 3104 Sed
921 3041 998 3122 quia
1021 3042 1181 3123 asperitas
1205 3043 1359 3124 temporis
1383 3064 1442 3107 nos
1466 3041 1508 3106 ab
1531 3041 1592 3106 hac

314 3147 493 3210 intentione
511 3147 683 3227 revocavit,
703 3146 823 3211 idcirco
853 3152 1015 3210 sacratam
1028 3151 1192 3229 patenam,
1217 3170 1315 3230 quam
1334 3154 1479 3214 actores⁰
1501 3148 1593 3212 Petri

315 3253 502 3336 spectabilis
525 3253 596 3333 viri,
620 3251 679 3316 filii
706 3253 819 3334 nostri,
845 3273 864 3316 a
886 3252 1099 3317 Potentinef2
1122 3253 1213 3318 urbis
1237 3254 1389 3337 pontifice
1413 3262 1593 3336 queruntur

315 3360 473 3440 ablatam,
507 3359 594 3424 omni
625 3360 871 3441 investigatione
903 3359 1054 3440 disquire.
1101 3359 1146 3424 Et
1170 3361 1197 3424 si
1220 3367 1334 3443 aperta
1358 3361 1592 3444 approbatione

314 3466 509 3546 constiterit,
543 3465 627 3529 hanc
651 3465 690 3528 de
723 3466 918 3529 sanctuariis
948 3486 1018 3529 esse
1042 3466 1245 3530 subtractam
1273 3473 1371 3549 atquc
1395 3468 1591 3550 inpropriis

314 3571 512 3636 utilitatibus
537 3572 578 3636 ab
607 3573 752 3636 antistite
780 3572 879 3636 fuisse
908 3578 1146 3655 consumptam,
1178 3574 1368 3638 relationem
1395 3574 1489 3639 nobis
1517 3575 1592 3638 ilico

316 3678 508 3757 destinabis3
532 3700 591 3760 per
614 3699 712 3759 quam
726 3677 848 3742 factum
864 3684 978 3761 aperta
996 3679 1213 3743 insinuatione
1231 3701 1414 3762 noscamus,
1439 3682 1592 3762 quatinus

315 3785 466 3851 iniuriam
488 3784 653 3867 religionis
673 3790 705 3849 et
723 3783 805 3848 Deiss
828 3784 926 3867 digna
948 3785 1108 3866 possimus
1135 3785 1258 3850 ultione
1285 3808 1498 3870 compescere,
1522 3787 1592 3852 Avo

316 3891 483 3955 defensore
510 3891 656 3956 Romane
688 3891 822 3954 ecclesie
854 3891 1019 3973 negotium
1051 3892 1137 3973 quod
1170 3891 1369 3958 decrevimus
1403 3901 1591 3976 exequente.

316 3997 414 4062 Cuius
439 3997 570 4080 clerieo,
603 4018 644 4061 ne
677 3997 754 4079 quid
781 4019 839 4080 pro
868 4004 935 4061 tam
965 4004 1078 4062 sancta
1101 4004 1134 4062 et
1156 3999 1340 4064 necessaria
1363 3999 1548 4082 prodicione
1574 4022 1591 4063 a

316 4125 374 4168 suo
397 4105 543 4186 patiatur
566 4104 721 4184 antistite,
747 4125 766 4167 a
790 4103 882 4168 nobis
907 4103 1062 4186 deputata
1086 4110 1135 4168 est
1157 4105 1263 4170 tuitio.

404 4289 416 4312 ²
434 4288 499 4334 locus
516 4289 564 4334 sine
583 4287 651 4333 dubio
675 4294 805 4346 corruptus.
887 4280 899 4312 ¹³
918 4280 1082 4346 unquentum
1101 4288 1168 4346 cod.;
1191 4289 1324 4348 adclendnm
1346 4289 1437 4336 uidebar
1458 4288 1593 4349 graduum.

314 4378 326 4402 ⁶
344 4378 427 4422 coorta
444 4392 464 4422 e.
554 4369 618 4422 dsie
640 4382 699 4420 recte
721 4376 820 4421 currerit
839 4375 925 4421 lhnald
942 4391 989 4434 pro
1004 4373 1108 4422 Valensi
1131 4377 1183 4424 cod.
1223 4377 1260 4437 ΟΥ.
1284 4378 1360 4424 Neues
1377 4379 1465 4424 Archiv
1490 4376 1592 4437 tecle.

316 4466 326 4489 θ
345 4467 456 4510 auctores
474 4481 494 4510 e.
559 4458 848 4523 fpra'nn'nnrPotentiane
866 4465 891 4510 in
900 4463 963 4522 eod,
981 4464 1024 4510 sed
1040 4477 1055 4510 a
1069 4467 1160 4524 partim
1171 4481 1262 4512 aarum
1272 4473 1401 4526 posteaque
1410 4467 1594 4526 natterpurwtnm

316 4559 355 4598 est.
427 4555 439 4586 Β
457 4553 542 4599 Aliena
558 4566 641 4598 monas
658 4553 819 4612 superscripsit
836 4550 861 4611 fi,
880 4559 906 4600 ut
924 4553 1014 4611 legatur·
1032 4551 1099 4600 fidei.

406 4654 416 4683 ¹
434 4653 477 4707 ef.
495 4653 515 4709 J
517 4653 569 4708 affe
587 4652 629 4707 ed.
648 4669 701 4708 sec.
721 4653 781 4707 648.
854 4652 968 4708 ²dioee.
987 4653 1199 4710 Acherontinee.
