3284 5184
285 255 349 318 250
675 271 859 326 Oonnasrrnr
877 284 914 322 111
932 281 1101 324 urrsronrn
1118 269 1171 324 405

171 433 254 494 1193
283 410 464 515 episcopus,
488 437 566 496 tunc
585 431 716 513 electus,
736 430 926 497 Leodiensis
950 429 1225 515 adapostolicam
1245 429 1353 494 sedem
1371 429 1589 496 accessisset·-

162 524 262 584 Maiss·
286 586 611 602 ............
643 544 676 602 et
697 537 843 603 Iohanne
866 536 1096 619 Languesecus
1124 536 1360 602 mercatoribus
1383 535 1580 600 Duacensi-

284 642 364 708 bus³
388 643 544 708 ducentas
573 644 791 727 quadraginta
822 665 949 708 marcas
977 643 1055 708 boni
1083 644 1219 726 argenti,
1247 642 1405 707 tredecim
1429 643 1580 727 sol(idis)

285 756 426 833 quatuor
457 748 599 814 denariis
635 750 790 833 legalium
826 750 1055 832 sterlingorum
1091 750 1286 833 computatis
1318 770 1376 832 per
1407 770 1578 830 marcam,

284 863 396 922 mutuo
428 878 487 940 pro
519 858 662 940 negociis
695 859 762 922 suis
796 857 936 940 accepit,
969 879 1028 941 pro
1060 856 1178 940 quibus
1211 855 1412 921 venerabiles
1445 855 1579 920 fratres
1631 855 1632 864 ’

284 963 388 1029 nostri
404 962 566 1028 Iohannes
580 963 811 1028 Penestrinusb
835 969 868 1028 et
880 961 1042 1030 Iohannes
1057 964 1273 1030 Tuscanensis
1298 964 1451 1047 episcopi,
1477 963 1580 1028 tituli

285 1073 390 1136 sancti
413 1070 588 1136 Clementis
612 1072 797 1154 cardinalis,
821 1093 856 1136 se
879 1070 1097 1154 fideiussores,
1123 1072 1208 1135 sicut
1226 1076 1364 1154 apparet
1387 1091 1426 1134 ex
1444 1071 1579 1134 instru-

283 1185 393 1244 mento
417 1178 557 1262 publico,
582 1184 777 1244 statuerunt.
814 1177 910 1244 Unde
934 1180 1088 1263 quoniam
1110 1176 1250 1261 praefati
1268 1182 1468 1242 mercatores
1488 1199 1577 1242 non-

285 1285 361 1349 dum
385 1307 425 1349 ex
447 1286 574 1367 integro
598 1285 757 1350 creditam
780 1287 952 1370 pecuniam
974 1290 1177 1368 receperunt,
1201 1306 1259 1349 nos
1281 1283 1452 1365 indignum
1477 1284 1577 1366 peni-

283 1399 336 1456 tus
369 1393 570 1472 estimantes,
603 1397 640 1455 ut
671 1392 758 1457 idem
771 1453 776 1466 ,
790 1391 907 1457 fratres
940 1393 1044 1457 nostri
1066 1390 1117 1455 vel
1147 1396 1344 1455 mercatores
1372 1391 1436 1474 ipsi
1465 1411 1507 1454 ex
1533 1411 1576 1454 eo

195 1564 197 1568 ,
264 1500 445 1563 iacturam
468 1499 660 1580 sustineant,
684 1499 770 1563 unde
793 1499 945 1564 videntur
965 1499 1075 1582 potius
1090 1498 1230 1580 gratiam
1244 1498 1411 1578 meruisse,
1437 1496 1575 1561 dilectis

283 1604 359 1669 filiis
384 1605 503 1670 nostris
519 1605 662 1689 capitulo
678 1611 710 1670 et
725 1607 888 1670 canonicis
903 1605 1139 1671 Leodiensibus
1158 1625 1217 1688 per
1240 1603 1420 1688 apostolica
1443 1603 1577 1688 scripta

283 1711 476 1776 mandamus
501 1718 534 1776 et
557 1712 617 1776 sub
646 1711 744 1777 officii
775 1712 991 1795 beneficiique
1018 1733 1102 1796 pena
1129 1734 1189 1777 nec
1215 1735 1280 1779 non
1308 1712 1575 1779 excommunica-

284 1819 382 1884 tionis
405 1819 439 1881 in
466 1839 622 1901 personas
649 1819 796 1901 ipsorum
828 1826 861 1884 et
889 1820 1051 1902 generalis
1078 1819 1243 1884 interdicti
1270 1841 1329 1903 per
1356 1826 1462 1886 totam
1483 1819 1574 1885 Leo-

284 1924 429 1989 diensem
448 1924 603 1990 diocesim
622 1925 768 1990 districte
787 1927 1016 2010 praecipimus,
1041 1932 1079 1990 ut
1101 1926 1286 2010 praefatum
1310 1927 1457 1992 debitum
1479 1926 1574 1990 infra

282 2032 398 2113 viginti
422 2031 490 2095 dies
518 2037 594 2115 post
621 2033 860 2114 susceptionem
887 2032 1072 2097 litterarum
1099 2038 1285 2098 nostrarum
1314 2033 1353 2098 de
1382 2032 1574 2098 redditibus

277 2125 523 2222 ‘episcopalibus
547 2139 613 2202 iam
642 2137 736 2202 dictis
765 2139 1000 2204 mercatoribus
1023 2140 1074 2204 vel
1097 2140 1193 2204 alteri
1216 2161 1328 2206 eorum
1350 2141 1416 2204 iarn
1445 2139 1574 2205 dictam

283 2246 454 2328 pecuniam
479 2250 511 2308 et
534 2266 593 2327 pro
616 2244 783 2310 laboribus
812 2251 845 2308 et
872 2248 1036 2329 expensis,
1068 2268 1127 2330 pro
1152 2248 1287 2330 singuiis
1311 2248 1424 2314 decem
1446 2251 1573 2314 marcis

284 2373 392 2433 unam,
417 2351 506 2434 apud
528 2350 678 2415 Duacum
702 2351 771 2415 sine
795 2351 906 2434 aliqua
930 2352 1086 2418 dilatione
1114 2355 1311 2437 persolvant.
1358 2355 1403 2420 Et
1430 2357 1458 2420 si
1480 2355 1572 2420 forte

283 2457 331 2522 illi
353 2458 501 2522 redditus
525 2457 724 2522 sufficientes
746 2479 956 2540 nequaquam
983 2461 1170 2542 extiterunt,
1199 2461 1352 2526 collectas
1375 2483 1434 2545 per
1462 2464 1572 2527 totius

284 2565 490 2648 episcopatus
522 2564 687 2646 abbatias,
716 2566 896 2648 prioratus,
935 2566 1077 2649 capellas
1111 2573 1143 2631 et
1176 2574 1302 2632 ceteras
1335 2569 1570 2634 conventuales

285 2692 384 2754 quam
406 2671 700 2736 nonconventuales
725 2672 878 2736 ecclesias
903 2671 1025 2736 faciant
1050 2679 1083 2738 et
1106 2673 1252 2738 debitum
1278 2675 1387 2758 ipsum
1414 2677 1448 2738 in
1470 2697 1571 2758 prae-

285 2776 372 2842 dicto
400 2777 481 2859 locc,
507 2778 591 2842 sicut
609 2777 695 2842 idem
718 2776 909 2843 Leodiensis
932 2778 1052 2863 fa(cere
1074 2781 1257 2846 iuramento
1280 2783 1450 2867 prae)stito
1474 2788 1569 2847 tene-

284 2883 391 2965 batur,
411 2883 606 2967 persolvant.
644 2884 838 2949 Mandamus
856 2886 970 2967 itaque
988 2885 1079 2952 vobis
1104 2893 1136 2951 et
1158 2889 1192 2951 in
1216 2887 1420 2953 obedientiae
1442 2889 1570 2953 virtute

284 2992 512 3075 praecipimus,
537 2993 690 3076 quatinus
713 2992 897 3076 praedictos
921 2994 1100 3078 capitulum
1124 3002 1157 3060 et
1175 2996 1346 3060 canonicos
1365 2994 1569 3060 Leodienses

285 3098 327 3162 ad
350 3098 534 3164 faciendum
559 3098 646 3181 quod
669 3099 839 3164 scribimus
862 3121 967 3183 poena
989 3101 1159 3184 praedicta
1182 3101 1329 3166 districte
1353 3101 1482 3167 sublato
1507 3123 1567 3184 ap·

284 3205 469 3288 pellationis
493 3205 667 3271 obstaculo
686 3227 801 3288 cogere
823 3207 956 3272 minime
986 3209 1206 3291 postponatis,
1239 3208 1337 3272 nullis
1361 3208 1480 3272 litteris
1508 3207 1568 3273 cb-

192 3323 194 3328 ’
285 3312 457 3394 stantibus,
492 3313 519 3376 si
550 3333 633 3395 quae
665 3318 740 3376 sunt
762 3313 813 3378 vel
844 3313 965 3378 fuerint
997 3336 1017 3378 a
1045 3314 1121 3379 sede
1149 3315 1329 3398 apostolica
1356 3315 1565 3398 impetratae.

284 3416 408 3483 Datum
430 3417 587 3483 Laterani
609 3417 694 3483 VIII
716 3418 795 3484 Idus
818 3420 908 3502 Maii,
931 3420 1141 3504 pontificatus
1164 3421 1268 3486 nostri
1291 3441 1377 3487 anno
1400 3422 1509 3486 tertio.

284 3727 375 3794 405.
399 3729 579 3788 Ocelestr'nus
601 3728 652 3787 ΙΙΙ
669 3689 822 3788 sororibus
845 3730 878 3788 dc
895 3730 1038 3789 Fauurecs
1060 3729 1196 3822 concedit,
1219 3736 1253 3788 ut
1275 3729 1385 3806 fastuum
1406 3728 1436 3787 S.
1460 3727 1567 3788 Ocilia-

395 3836 481 3895 rc'nuc
503 3835 656 3894 duodecim
678 3835 849 3895 lectionibus
871 3836 1014 3896 celebrent.

551 3953 725 4025 Autograph.
744 3955 774 4008 in
792 3953 883 4009 tabul.
901 3961 958 4010 nat.
977 3955 1064 4010 Paris.
1082 3955 1115 4010 L.
1135 3956 1187 4010 235
1205 3973 1233 4010 n.
1253 3957 1295 4010 11.

164 4137 249 4196 1193
375 4114 556 4180 Celestinus
588 4114 758 4197 episcopus
791 4136 901 4180 servus
934 4137 1099 4181 servorum
1122 4115 1185 4180 Dei
1216 4115 1343 4182 dilectis
1373 4118 1408 4181 in
1435 4116 1566 4183 Christo

143 4226 265 4286 Mai14.
285 4223 415 4287 filiabus
439 4221 635 4287 monialibus
660 4219 699 4285 de
722 4220 887 4286 Fauarces
912 4223 1051 4287 salutem
1074 4228 1107 4287 et
1130 4223 1343 4306 apostolicam
1365 4223 1564 4289 benedictio·
1631 4279 1632 4310 ,

285 4351 369 4394 nem.
406 4328 536 4409 PreceS,
561 4347 624 4411 que
646 4333 757 4393 nostro
777 4329 976 4411 apostolatui
997 4330 1218 4412 porrigimtur,
1243 4351 1317 4394 cum
1335 4331 1508 4395 veritatem
1532 4335 1565 4394 et

283 4436 443 4500 iustitiam
467 4436 601 4530 comites
624 4439 802 4499 noscuntur
824 4434 956 4518 habere,
980 4435 1120 4501 libenter
1143 4436 1346 4502 admittimus
1370 4442 1404 4502 et
1425 4436 1563 4520 precipi-

374 4619 385 4643 ¹
403 4619 492 4666 Locum
509 4619 569 4664 burro
588 4619 740 4678 &pronaum
757 4617 878 4664 emundare
895 4633 966 4666 ausus
983 4635 1031 4667 noa
1047 4635 1104 4668 sum.
1177 4613 1190 4647 ¹²
1208 4621 1243 4668 cio
1260 4619 1314 4668 cod.
