3284 5184
278 288 342 352 208
513 306 703 356 Annxeunnr
721 316 758 356 111
776 317 814 356 ur
833 302 923 357 Lucu
940 315 977 356 ru
996 313 1163 355 6116161111
1182 300 1242 355 348.
1263 302 1314 356 349

387 469 536 527 restituere
558 468 684 527 iubeant.
726 468 785 538 Qui
806 468 835 526 61
863 467 1082 544 appetiverint,
1114 473 1270 543 atramque
1291 474 1409 542 perterre
1432 469 1471 526 ed
1491 485 1565 527 sese

388 576 514 634 66661616
536 577 604 633 mel.

383 676 451 747 Reg.
470 676 550 730 Alex.
570 675 668 746 fragm.
687 693 730 747 ep.
750 675 793 742 70,
811 675 841 729 in
860 673 919 730 cod.
934 673 1392 745 0011.Trinitat.0mtabrig.1t.9.
1404 677 1446 730 17.

787 781 808 820 6.
828 777 884 818 xu.
903 762 951 818 fol.
973 763 1044 818 12911.

92 893 257 953 1178-81.
367 889 571 973 Vigorniensi
595 891 766 972 episcopol
789 895 822 953 et
845 888 961 952 (1116616
985 886 1051 952 filio
1076 887 1208 952 abbati²
1231 887 1271 952 de
1294 888 1465 952 Evesham.
1507 887 1564 954 Si-

278 996 442 1078 gnificavit
472 996 565 1061 nobis
596 997 732 1060 dilectus
761 994 847 1059 filius
870 1000 981 1059 noster
1004 993 1055 1058 W.
1082 993 1121 1058 de
1143 993 1239 1076 Luci,
1274 995 1415 1060 decanus
1440 995 1479 1060 de
1503 995 1563 1077 N.,

278 1104 365 1185 quod
388 1126 460 1168 cum
482 1104 560 1167 villa
584 1103 623 1167 de
645 1101 813 1185 Ludelega
836 1108 869 1165 et
891 1106 980 1165 terra
997 1099 1049 1165 W.
1075 1101 1114 1164 de
1133 1099 1238 1166 Fonte
1262 1107 1295 1166 et
1318 1101 1458 1183 quedam
1480 1125 1564 1185 pos-

278 1211 437 1275 sessiones
470 1210 532 1273 alie
564 1209 606 1273 ad
630 1208 823 1273 decanatum
847 1229 942 1272 suum
964 1214 1121 1289 tanquam
1148 1213 1259 1291 partes
1290 1210 1474 1290 pertineant
1524 1210 1566 1272 in

278 1314 407 1380 evidens
431 1315 607 1400 dampnum
632 1321 664 1380 et
687 1316 917 1380 detrimentum
945 1314 1088 1379 eiusdem
1116 1313 1293 1379 decanatus
1323 1316 1391 1379 sine
1420 1337 1566 1380 assensu

278 1423 412 1505 capituli
435 1423 485 1486 sui
510 1421 664 1486 distracta
693 1427 781 1504 sunt,
816 1442 954 1503 quarum
985 1421 1157 1503 quasdam,
1191 1421 1342 1486 videlicet
1372 1422 1482 1485 villam
1519 1421 1565 1486 de

276 1527 444 1611 Ludelega
468 1534 501 1593 et
523 1534 645 1592 terram
668 1527 720 1592 W.
745 1528 785 1592 de
809 1527 915 1593 Fonte
934 1526 986 1591 W.
1012 1527 1146 1591 clericus
1172 1533 1204 1592 et
1227 1528 1309 1593 alias
1332 1530 1563 1611 possessiones

277 1635 414 1720 Hel(ias)
447 1636 582 1700 clericus
615 1640 729 1700 eontra
760 1634 959 1698 voluntatem
992 1633 1110 1716 prefati
1139 1633 1253 1698 decani
1276 1635 1420 1700 detinere
1443 1657 1564 1719 presu-

277 1746 394 1804 munt.⁸
430 1740 511 1806 Inde
531 1748 589 1823 est,
614 1741 701 1824 quod
720 1739 902 1804 dilectionib
925 1745 1031 1803 vestre
1050 1761 1109 1823 per
1128 1741 1306 1824 apostolica
1325 1743 1446 1825 scripta
1465 1764 1563 1806 man-

278 1846 406 1929 damus,
440 1849 593 1930 quatinus
626 1847 770 1932 prefatos
794 1846 928 1910 clericos
952 1847 1110 1911 moneatis
1135 1849 1292 1912 attentius
1320 1854 1353 1912 et
1376 1848 1562 1931 apostolica

278 1955 472 2019 auctoritate
505 1955 643 2037 cogatis,
677 1958 713 2016 ut
746 1951 932 2035 supradicto
960 1953 1081 2018 decano
1109 1954 1306 2038 prescriptos
1333 1955 1561 2039 possessiones

278 2082 351 2124 cum
383 2059 541 2125 fructibus
574 2082 614 2124 ex
644 2060 725 2143 ipsis
756 2059 919 2143 perceptis
948 2060 1016 2122 sine
1045 2057 1237 2124 difficultate
1263 2062 1439 2125 restituant
1467 2062 1563 2124 etin

277 2188 356 2250 pace
381 2167 547 2231 dimittant
580 2172 637 2231 aut
669 2167 698 2230 ei
732 2187 828 2248 super
859 2165 910 2229 his
944 2164 1004 2228 sub
1035 2167 1181 2231 examine
1208 2173 1315 2232 vestro
1339 2169 1467 2232 iusticie
1491 2191 1563 2233 non

278 2272 428 2337 differant
450 2273 685 2356 plenitudinem
710 2272 848 2337 exibere.
892 2270 926 2336 si
950 2291 1015 2352 qua
1038 2293 1113 2337 vero
1132 2275 1274 2355 partium
1294 2274 1421 2338 duxerit
1444 2276 1561 2358 appel-

276 2380 424 2462 landum,
457 2402 513 2445 vos
546 2380 688 2444 rationes
722 2384 755 2442 61
786 2378 997 2460 allegationes
1025 2378 1233 2468 nihilominus
1264 2381 1419 2462 audiatis,
1453 2386 1560 2446 testes

277 2488 494 2570 appellatione
527 2490 674 2557 cessante
706 2485 914 2566 recipientes,
948 2505 1059 2548 eorum
1086 2488 1313 2552 attestationes
1341 2487 1498 2569 redigatis
1522 2488 1561 2552 in

277 2595 406 2676 scriptis
430 2599 463 2658 et
481 2591 647 2676 prefigatis
670 2591 801 2672 utrique
824 2591 910 2673 parti
929 2592 1103 2656 terminum
1122 2599 1368 2676 competentem,
1393 2616 1456 2676 quo
1482 2615 1561 2658 cum

275 2700 355 2783 ipsis
379 2697 643 2764 attestationibus
677 2702 709 2761 et
741 2697 990 2778 allegationibus
1023 2699 1201 2782 apostolico
1229 2720 1262 2763 se
1291 2701 1478 2783 conspectui
1505 2722 1559 2764 re-

276 2811 472 2888 presentent.

277 3021 365 3087 349.
388 3023 503 3082 Inuias
522 3022 569 3081 ΙΙΙ
579 3021 591 3060 ³
613 3021 741 3096 capitulo
758 3021 901 3080 Mettensi
918 3021 1076 3096 signifieat,
1095 3023 1269 3082 6661161616
1282 3024 1341 3082 sibi
1359 3042 1428 3096 esse,
1448 3024 1560 3084 Hercei

386 3130 521 3189 66666161
542 3129 720 3203 intepretari
743 3128 915 3203 beneficium
933 3146 994 3186 (166
1012 3147 1072 3187 esse
1090 3129 1253 3205 sufficiens,
1277 3136 1310 3189 ret
1328 3130 1460 3189 eeclesiae
1483 3151 1560 3191 strue

387 3237 513 3295 (16666161
534 3234 642 3293 seruire
658 3234 764 3309 possit.

599 3335 667 3405 Beg.
686 3326 766 3388 Alex.
786 3332 884 3404 fragm.
903 3351 946 3405 ep.
964 3335 1009 3402 45,
1027 3335 1045 3388 l.
1064 3335 1082 3389 l.
1101 3335 1148 3390 fol.
1169 3337 1227 3390 123.

154 3485 257 3543 11311
364 3461 516 3525 Ι)6661164
553 3465 585 3524 61
621 3458 762 3542 capitulo
795 3456 963 3522 Meldensi.
1020 3456 1149 3540 Quanto
1186 3461 1358 3544 specialius
1397 3461 1557 3528 dilectum

276 3565 378 3630 filium
400 3572 546 3632 nostrum
568 3566 754 3650 Her(veum)
778 3566 1029 3632 concanonicum
1052 3572 1206 3650 restrum,
1231 3569 1308 3633 olim
1331 3569 1485 3633 clericum
1509 3568 1557 3634 fe·

276 3674 346 3738 licis
361 3674 514 3738 memorie
525 3672 725 3757 B(erneredi)
739 3672 923 3736 Prenestim‘
943 3673 1095 3755 episcopi,
1116 3673 1156 3739 ob
1175 3673 1432 3739 recordationem
1450 3674 1557 3757 ipsius
1637 3675 1638 3693 ¹

278 3788 309 3845 61
333 3801 389 3844 sue
412 3779 585 3862 probitatis
613 3778 747 3843 obtentu
776 3779 954 3861 diligimus,
982 3783 1074 3844 tanto
1103 3781 1259 3844 attentius
1283 3781 1459 3846 commodis
1484 3782 1556 3845 eius

277 3884 431 3950 debemus
465 3890 497 3948 61
528 3884 675 3949 volumus
707 3884 886 3967 providere.
933 3883 1014 3949 Cum
1041 3887 1126 3950 enim
1154 3886 1195 3950 ad
1222 3887 1413 3952 instantiam
1441 3895 1556 3952 sancte

276 3993 430 4056 memor'le
453 3989 653 4076 A(lexandri)
676 4012 760 4074 pape
783 3991 1020 4074 predecessoris
1049 3993 1152 4057 nostri
1183 3993 1252 4056 eius
1275 3990 1337 4056 fuit
1359 3992 1556 4058 beneficium

364 4177 376 4199 ²
394 4171 533 4234 praesumit
551 4190 571 4220 e.
643 4169 656 4201 ¹³
674 4181 715 4219 aut
732 4171 883 4232 discretioni,
902 4175 928 4220 in
946 4175 997 4220 cod.
1015 4176 1073 4220 erriru
1093 4183 1125 4221 est
1142 4173 1167 4220 d.
1186 4189 1210 4222 v.

367 4276 376 4305 ¹
395 4275 513 4346 Rogerio
533 4274 708 4330 1164-1179
727 4274 784 4329 sive
802 4274 941 4329 Balduino
961 4275 1144 4330 1179-1184.
1223 4276 1233 4306 ²
1251 4276 1369 4332 Adamo.
1459 4277 1555 4350 ³Epi·

277 4363 377 4418 stolam
396 4363 480 4430 hanc,
507 4363 573 4418 licet
599 4362 629 4416 in
655 4360 839 4417 Alexandrini
865 4362 985 4432 Registri
1012 4362 1169 4434 fragmento
1196 4364 1276 4420 nobis
1300 4370 1441 4420 asservata
1459 4365 1509 4434 sit,
1539 4385 1557 4422 a

277 4452 362 4507 Lucio
375 4451 423 4505 III
451 4457 563 4506 auctore
590 4450 742 4521 profectam
770 4467 838 4517 esse,
866 4457 1061 4521 argumentum
1090 4452 1195 4507 affatim
1214 4453 1321 4524 probat.
1364 4453 1399 4508 In
1427 4455 1556 4526 margine

277 4541 460 4610 Regestorum
481 4540 634 4595 Alexandri
652 4539 700 4594 III
728 4539 905 4610 originalium
929 4557 990 4594 eam
1014 4541 1075 4595 aliis
1101 4541 1223 4612 epistolis
1251 4541 1286 4597 de
1313 4559 1398 4598 causa
1416 4543 1555 4599 Meldensi

277 4627 422 4698 agentibus
442 4631 514 4699 (epp.
534 4631 584 4683 311
605 4635 655 4700 sq.)
676 4627 832 4698 appositam
856 4644 915 4683 esse
938 4628 1062 4684 arbitror.
1155 4631 1166 4662 ⁴
1184 4631 1321 4686 Michaeli.
