3284 5184
283 289 346 350 222
681 301 771 356 Lucu
789 313 826 352 111
844 263 1013 385 seraranan
1032 300 1092 353 367.
1112 299 1164 354 368

108 465 261 524 1184-85
280 464 515 546 indulgentiam
530 461 727 546 apostolicae
742 461 827 526 sedis
842 458 964 524 hahere
979 464 1168 542 noscuntur,
1193 461 1362 525 occasione
1384 461 1450 524 ista
1473 461 1575 542 quis-

124 555 243 659 1111329.
280 592 378 654 quam
401 575 544 635 vestrum
567 569 724 652 impedire
748 560 932 639 contendat.
979 566 1103 630 Taliter
1127 572 1236 662 autem
1260 567 1301 631 ab
1325 569 1471 650 ipsorum
1495 589 1575 632 mo-

280 677 383 742 lestiis
407 683 442 740 et
463 698 520 742 vos
543 675 709 740 abstinere
733 681 765 738 et
788 672 1021 757 parrochianos
1045 679 1171 738 vestros
1200 695 1403 756 compescere
1431 673 1575 738 studea-

280 785 333 864 tis,
357 789 394 846 ut
416 804 475 848 nec
498 785 562 866 ipsi
584 805 643 866 pro
668 780 795 846 defectu
818 780 965 845 iustitiae
990 780 1031 844 ad
1054 780 1274 863 praesentiam
1303 785 1449 844 nostram
1469 779 1575 844 labo-

280 896 354 954 rent
375 911 435 954 nec
458 911 514 954 vos
539 889 579 953 de
601 888 800 970 negligentia
814 885 1012 969 pontificalis
1031 885 1129 950 officii
1145 886 1197 951 vel
1220 874 1406 968 contemptu
1429 886 1575 969 possitis

281 995 426 1076 mandeti
450 995 620 1079 apostolici
643 982 846 1077 reprehendi.
892 992 959 1057 Nos
983 994 1079 1076 enim,
1105 995 1177 1057 cuin
1200 994 1360 1058 universis
1379 993 1442 1058 Dei
1460 992 1575 1056 fideli-

281 1102 342 1166 bus
366 1123 405 1166 ex
432 1102 576 1166 iniuncto
604 1102 706 1165 simus
739 1099 845 1165 officio
870 1100 1044 1181 debitores,
1077 1100 1253 1183 praedictis
1282 1099 1437 1164 fratribus
1469 1105 1575 1164 tanto

282 1208 396 1274 fortius
432 1213 581 1274 tenemur
619 1208 733 1272 adesse
770 1212 892 1289 quanto
930 1228 983 1288 ea,
1026 1227 1109 1288 quae
1145 1207 1224 1289 ipsis
1261 1206 1419 1272 beneficia
1457 1205 1574 1271 confe-

282 1321 412 1397 runtur,
452 1315 494 1379 ad
530 1315 686 1379 maiorem
723 1313 845 1378 Christi
885 1307 1066 1397 pauperum
1103 1315 1374 1378 sustentationem
1412 1335 1478 1377 nou
1518 1319 1575 1376 est

283 1421 417 1485 dubium
440 1422 618 1504 pervenire.
664 1420 731 1485 Nec
754 1442 871 1504 parum
894 1425 1003 1503 potest
1027 1419 1170 1484 divinum
1200 1419 1374 1485 formidare
1401 1419 1572 1500 iuditium,

284 1530 389 1610 quivis
413 1549 467 1593 eos
490 1529 588 1593 immo
613 1527 778 1592 Christum
805 1528 840 1590 in
872 1528 918 1591 eis
951 1525 1050 1590 therit
1081 1533 1285 1608 persecutus,
1320 1548 1393 1591 cum
1417 1526 1573 1589 dicturus

162 1637 165 1643 “
283 1635 442 1701 Dominus
465 1634 499 1698 in
522 1635 586 1700 fine
609 1635 751 1716 legatur:
778 1632 895 1716 „Quod
913 1635 970 1698 uni
990 1656 1029 1699 ex
1047 1634 1190 1698 minimis
1209 1634 1289 1698 meis
1308 1633 1442 1714 fecistis,
1466 1632 1574 1696 michi

285 1741 460 1807 fecistis.“1
505 1743 628 1807 Datum
651 1740 801 1804 Veronae
825 1747 942 1822 quarto
965 1740 1041 1805 Kal.
1066 1741 1217 1823 Augusti.

285 1976 371 2044 367.
394 1979 509 2038 Iaece'm
531 1978 585 2038 ΙΙΙ
601 1979 698 2037 abboli
723 1977 753 2036 S.
781 1976 942 2052 Geaovefae
969 1983 995 2035 et
1023 1956 1130 2036 decerto
1156 1977 1185 2037 S.
1214 1976 1358 2036 Germani
1380 1975 1573 2034 Autissiodo-

396 2085 478 2144 reasi
502 2088 558 2162 (op.
582 2085 728 2160 Parisios)
753 2085 885 2156 mandat,
909 2090 1011 2157 eoyaat
1034 2085 1206 2143 Ranaldm
1228 2083 1383 2160 quendam,
1406 2089 1441 2142 al
1464 2101 1574 2141 mouu-

397 2193 486 2252 stera'o
512 2193 542 2251 S.
565 2191 708 2267 Dionysii
731 2190 860 2249 ablatura
882 2191 1028 2248 decimam
1049 2191 1157 2249 reddat.

552 2308 726 2380 Autograph.
745 2309 775 2362 in
795 2308 882 2363 tabul.
903 2314 960 2363 nat.
979 2308 1068 2363 Paris.
1088 2309 1119 2363 L.
1140 2310 1192 2363 232
1211 2326 1238 2363 n.
1258 2310 1300 2362 17.

116 2490 269 2550 1184-85
350 2541 351 2544 Ἴ
376 2470 498 2534 Lucius
522 2471 693 2553 episcopus
717 2490 828 2533 servus
854 2470 1020 2534 servorum
1039 2469 1103 2533 Dei
1127 2470 1254 2534 dilectis
1277 2467 1381 2532 filiis.
1403 2467 1574 2538 ,abbati2

128 2581 207 2657 Aug.
220 2582 248 2640 3.
289 2582 400 2642 sancte
424 2575 587 2642 Genovefe
621 2584 653 2640 et
676 2576 797 2660 P(etro)
830 2575 952 2640 decano
986 2578 1091 2640 sancti
1122 2575 1277 2642 Germani
1307 2574 1575 2640 Autisiodorensi

289 2683 428 2748 salutem
461 2689 494 2746 et
525 2682 738 2765 apostolicam
770 2683 1038 2748 benedictionem.
1085 2683 1239 2747 Pervenit
1266 2682 1308 2746 ad
1335 2703 1394 2746 nos
1425 2702 1465 2745 ex
1497 2702 1574 2746 oon-

290 2790 457 2872 questione
482 2788 674 2854 dilectorum
696 2787 837 2852 filiorum
855 2794 1068 2853 nostrorum.
1090 2838 1096 2852 .
1119 2789 1268 2853 abbatis³
1287 2795 1320 2852 et
1338 2788 1574 2853 monachorum

290 2897 394 2961 sancti
413 2893 563 2977 Dionisii‚
588 2895 675 2978 quod
698 2894 867 2959 Ranaldus
892 2894 1053 2959 decimam
1077 2894 1242 2977 quandam
1260 2915 1372 2959 eorum
1396 2895 1575 2960 elemosine

291 3003 480 3086 deputatam
512 3002 625 3066 illicite
654 3002 799 3065 detinere
827 3001 1002 3066 contendit.
1051 2999 1135 3083 Quia
1163 3002 1263 3084 igitur
1291 3001 1360 3065 eius
1385 3001 1485 3065 saluti
1508 3024 1575 3066 non

291 3110 439 3175 convenit
463 3108 505 3174 ad
529 3109 636 3173 aliena
658 3109 731 3172 iura
754 3129 870 3172 manus
894 3108 1068 3172 extendere
1093 3114 1126 3172 et
1148 3108 1288 3191 predicti
1310 3108 1502 3173 monasterii
1524 3108 1575 3171 in-

290 3217 407 3280 iuriam
430 3237 496 3290 non
520 3214 674 3279 debemus
699 3215 759 3279 snb
784 3214 1042 3279 dissimulatione
1070 3214 1225 3296 transire,
1255 3214 1442 3279 discretioni
1465 3221 1576 3278 vestre

291 3343 349 3406 per
372 3320 552 3405 apostolica
576 3322 697 3404 scripta
720 3321 927 3402 mandemus,
961 3322 1114 3403 quatinus
1144 3320 1282 3385 eundem
1309 3320 1349 3385 R.
1375 3321 1417 3385 ad
1440 3320 1575 3385 restitu-

292 3430 412 3493 tionem
434 3428 522 3491 illius
547 3427 669 3491 decime
691 3428 742 3492 vel
766 3427 981 3492 exhibendam
1013 3429 1048 3491 in
1080 3429 1245 3510 presentia
1272 3433 1381 3492 vestra
1407 3426 1576 3490 iusticiam

291 3557 350 3618 per
373 3535 579 3599 severitatem
603 3535 792 3599 canonicam
817 3534 1034 3617 appellatione
1053 3535 1236 3616 postposita
1255 3533 1468 3616 compellatis.
1506 3531 1576 3597 Da-

294 3647 363 3705 tum
386 3640 514 3706 Verone
536 3640 591 3704 HI
613 3641 722 3706 Nonas
746 3640 897 3722 Augusti.

294 3876 380 3941 368.
404 3877 519 3936 Marias
541 3877 593 3936 ΙΙΙ
610 3876 921 3957 αηὶυσνείεφναθίαίίε
937 3869 1336 3950 prouinciae'Norboaeusis
1353 3875 1513 3952 praecepit,
1544 3883 1577 3934 ut
1636 3901 1637 3983 p

307 4063 311 4074 Ι
404 3986 474 4057 loeo,
499 3985 538 4043 ad
560 4003 633 4060 qaae
650 3985 814 4058 praedones
831 3983 1007 4042 monasterii
1023 3982 1253 4058 Vallis-moyam
1264 3984 1460 4058 pervenerint,
1484 3983 1577 4041 iater-

405 4092 479 4151 de'cto
502 4092 670 4150 meditatam.

536 4190 609 4245 Bibl.
627 4197 684 4246 nat.
696 4189 860 4261 ¹¹Parisslms.
880 4189 928 4244 lat.
950 4191 1045 4244 12770.
1066 4207 1086 4244 s.
1107 4203 1185 4244 xvn.
1204 4188 1250 4244 fol.
1272 4191 1331 4245 135.

121 4350 275 4410 1184-85
382 4335 502 4399 Lucius
527 4334 697 4418 episcopus
722 4352 833 4396 servus
862 4353 1027 4397 servorum
1051 4332 1114 4397 Dei
1146 4332 1385 4397 venerabilibus
1419 4331 1576 4397 iratribus

126 4439 267 4515 Sept-10·
294 4441 499 4506 Narbonensi
522 4440 785 4523 archiepiscopo⁴
813 4444 845 4502 et
874 4437 1087 4522 suffraganeis
1111 4439 1180 4502 eius
1204 4439 1363 4523 episcopis
1392 4443 1425 4503 et
1449 4437 1577 4504 dilectis

386 4618 516 4674 lMatth.
536 4619 578 4685 25,
597 4618 640 4672 40.
714 4615 894 4687 'Stephano
971 4616 1151 4671 ⁸Guillelmi.
1224 4615 1406 4671 ⁴Bernardo.
