3336 5184
427 306 615 360 Anrxuunm
634 319 670 360 111
693 319 860 362 urrsvouun
878 307 938 362 293.
958 308 1011 362 294
1292 296 1352 404 169

73 489 157 548 sem,
183 467 223 530 de
246 487 310 548 quo
334 471 409 530 ante
433 465 606 530 adventum
630 467 816 531 nuntiorum
839 487 971 531 suorum
996 467 1149 533 dilectum
1176 467 1277 533 filium
1300 492 1355 535 no·
1376 468 1470 530 1178.

73 580 184 638 strum
202 571 241 636 B.
263 572 491 636 cancellarium
510 571 741 638 Carnutensem
761 573 800 636 de
827 575 989 638 communi
1012 573 1150 639 fratrum
1173 582 1358 641 nostrorum

74 680 215 746 consilio
248 679 483 759 investivimus,
517 678 621 743 eidem
653 677 826 760 relinquat.
882 677 974 744 Sicut
1006 681 1091 744 enim
1122 687 1198 764 post
1230 683 1359 747 nuntios

75 787 182 870 ipsius
207 807 271 850 non
294 784 564 867 processissemus
587 786 620 848 in
643 783 744 865 fecto,
780 785 863 849 sicut
890 785 1039 868 fecimus,
1069 788 1116 850 ite
1142 788 1359 852 verecundum

8 907 9 926 ¹
76 894 173 959 nobis
198 897 313 972 esset⁸,
349 892 377 956 si
400 890 521 955 fectum
548 896 694 956 nostrum
722 892 965 973 quomodolibet
992 895 1194 973 immutetur,
1228 914 1287 957 nec
1313 893 1360 957 illi

75 999 164 1065 forte
188 997 391 1062 fructuosum
415 997 540 1079 existet,
565 1019 639 1062 cum
660 1019 713 1062 res
737 999 781 1062 sit
802 998 836 1062 in
859 999 998 1064 iudiciob
1028 1000 1135 1082 posite
1159 1006 1192 1064 et
1215 999 1359 1081 dubium,

76 1129 120 1170 an
146 1105 268 1170 debeat
291 1105 445 1186 optinere.
491 1103 557 1169 Nos
587 1109 696 1169 eutem
724 1106 829 1170 eidem
857 1105 1070 1187 thesaurario,
1094 1127 1192 1188 quem
1216 1107 1359 1172 conside·

75 1214 210 1278 ratione
238 1211 327 1293 regie
360 1215 393 1274 et
425 1211 475 1274 sui
506 1211 608 1294 ipsius
641 1205 913 1295 contemplatione
941 1212 1067 1276 sincere
1095 1213 1232 1277 caritate
1255 1213 1360 1296 diligi-

78 1341 164 1400 mus,
190 1317 303 1381 teliter
326 1316 517 1397 deferemus,
542 1316 628 1398 quod
646 1317 787 1400 gaudere
806 1319 926 1402 poterit
943 1319 1128 1402 plurimum,
1153 1340 1187 1383 se
1209 1321 1360 1402 precibus

77 1423 270 1508 apostolicis
295 1423 458 1487 detulisse.
496 1423 805 1488 Archidieconetum
823 1425 1004 1508 predictum
1022 1424 1148 1508 prefato
1168 1425 1360 1490 cancellario

8 1595 9 1614 ,
79 1536 271 1596 nostrerum
294 1551 426 1612 precum
450 1530 569 1594 intuitu
592 1529 730 1612 benigne
754 1529 898 1594 dimittet
921 1531 1070 1612 sciturus,
1095 1531 1190 1614 quod,
1216 1533 1243 1596 si
1267 1531 1359 1598 uobis

8 1633 9 1652 ¹
79 1638 113 1700 in
138 1637 204 1700 hec
227 1641 320 1718 parte
345 1636 506 1719 detulerit,
530 1643 658 1719 gratum
682 1636 774 1701 uobis
798 1637 860 1701 erit
883 1635 1056 1701 admodum
1081 1643 1113 1701 et
1136 1643 1304 1720 acceptum
1328 1645 1367 1702 et'

8 1741 9 1746 ’
76 1743 111 1806 id
136 1743 239 1808 etiam
262 1763 320 1825 per
344 1744 449 1826 operis
474 1741 703 1808 exhibitionem
727 1748 858 1806 auctore
882 1742 1021 1808 Domino
1045 1743 1225 1808 evidentius
1253 1751 1358 1809 osten-

79 1849 206 1914 demus

8 2039 32 2078 ²
78 2084 168 2150 293.
194 2085 358 2144 remaneo
379 2085 431 2144 m
456 2085 609 2144 monacus
644 2085 673 2144 e.
706 2085 827 2144 cosmo
857 2086 1072 2145 coronemus
1103 2087 1238 2160 memor,
1271 2094 1305 2147 ur
1336 2089 1357 2146 r.

194 2193 353 2251 diaconum
375 2193 410 2250 ie
431 2193 560 2269 fratrum
583 2211 741 2250 numerum
764 2193 912 2268 recepiant.

409 2311 477 2383 Reg.
495 2311 575 2367 Alex.
595 2310 693 2382 fragm.
712 2327 754 2382 ep.
775 2312 799 2376 3,
818 2311 836 2364 l.
855 2311 873 2364 l.
892 2310 939 2366 fol.
960 2311 1032 2367 10812.

168 2471 278 2536 Priori
307 2477 340 2536 et
368 2471 508 2555 capitulo
537 2471 640 2535 sancti
665 2469 778 2535 Cosme
801 2469 991 2536 Turonensi.
1038 2470 1118 2536 Cum
1141 2472 1167 2536 I.
1193 2473 1472 2554 diaconus,1178.

8 2569 9 2572 ¹
81 2579 253 2661 abnegetis
278 2577 463 2643 carnalibus
487 2576 665 2658 desideriis,
685 2576 824 2642 Domino
845 2577 1015 2660 desideret,
1041 2579 1125 2643 sicut
1148 2581 1274 2661 asserit,
1298 2579 1357 2645 sub

79 2684 248 2768 religionis
279 2684 396 2749 habitu
428 2683 603 2765 deservire,
637 2683 835 2748 desiderium
863 2685 932 2748 eius
959 2686 993 2748 in
1020 2685 1081 2750 hec
1104 2692 1197 2769 parte
1220 2686 1358 2769 benigno

78 2792 190 2857 levore
213 2791 441 2890 prosequimur
473 2791 566 2871 eique
599 2788 641 2853 ed
672 2789 734 2855 hoc
763 2789 1002 2872 exsequendum
1033 2791 1229 2875 suffragium,
1262 2800 1358 2877 prout

80 2898 245 2978 convenit,
278 2898 490 2980 impertimur.
547 2896 728 2978 Quodcirce
754 2897 999 2961 universitatem
1027 2904 1168 2989 vestram
1195 2921 1253 2982 per
1281 2921 1357 2982 epo-

80 3005 197 3070 stoliee
222 3004 343 3087 scripta
365 3025 532 3069 monemus
556 3006 712 3069 attentius
741 3010 783 3068 et·
796 3001 1003 3084 mandemus,
1037 3005 1190 3084 quatinus
1214 3027 1287 3069 eum
1310 3005 1357 3069 di·

79 3113 144 3174 vini
172 3110 292 3174 amoris
315 3110 435 3174 intuitu
459 3117 491 3174 et
514 3117 622 3176 nostre
647 3109 905 3176 commonitionis
934 3115 1067 3192 optentu
1093 3109 1127 3173 in
1150 3109 1285 3175 fratrem
1307 3133 1356 3176 re·

80 3219 189 3301 cipere
213 3222 246 3280 et
268 3215 413 3281 fraterna
440 3218 559 3281 curetis
588 3217 723 3281 caritate
750 3221 908 3297 tractare,
937 3217 984 3280 ita
1012 3216 1098 3298 quod
1122 3216 1161 3281 de
1189 3239 1356 3283 converse-

79 3326 169 3390 tione
189 3328 298 3387 vestra
313 3322 493 3405 profectum
512 3323 713 3406 spiritualem
738 3328 884 3387 assumet
908 3328 940 3386 et
962 3322 1053 3387 vobis
1078 3322 1117 3386 de
1140 3323 1228 3388 illius
1253 3323 1356 3389 salute

79 3430 214 3495 maioris
237 3427 339 3511 glorie
360 3430 520 3512 premium
544 3428 709 3494 debeatur.
985 3429 987 3434 ’

80 3751 171 3818 294.
195 3754 359 3813 ducende
376 3753 428 3812 ΙΙΙ
445 3753 566 3812 dommo
584 3753 755 3830 hospitalem
778 3755 811 3813 dc
838 3753 955 3812 Oroden.
975 3754 1113 3812 torridam
1135 3754 1257 3828 suscipit
1279 3755 1355 3812 eius-

192 3879 246 3936 que
263 3861 464 3937 possessiones
487 3879 520 3918 ac
541 3861 611 3919 iuro
633 3861 775 3938 quaedem
797 3860 961 3935 confirmat.

406 3979 474 4050 Reg.
493 3979 573 4034 Alex.
593 3979 689 4050 fragm.
709 3996 751 4049 ep.
770 3980 795 4045 4,
815 3978 832 4031 l.
853 3979 871 4032 l.
891 3978 937 4033 sol.
958 3977 1029 4033 108¹).

168 4139 310 4205 Infirmis
334 4141 448 4206 domus
471 4138 641 4222 hospitalis
665 4139 704 4202 de
724 4127 873 4203 Oroden1
896 4159 1097 4203 communem
1120 4139 1220 4203 vitam
1239 4139 1355 4204 ducen-
1378 4145 1470 4203 1178.

80 4247 177 4310 tibus.
226 4244 336 4311 Offitio
367 4247 499 4330 pietatis
531 4245 725 4325 inducimur,
759 4246 917 4330 universis
945 4245 1007 4310 Dei
1037 4243 1187 4309 fidelibus
1218 4251 1355 4328 paterna

81 4352 263 4436 provisione
283 4352 460 4433 consulere,
485 4353 541 4416 sed
566 4351 605 4416 de
624 4353 768 4434 ipsorum
787 4373 868 4435 pace
887 4351 1077 4435 propensius
1097 4351 1254 4447 cogitare,
1274 4373 1354 4432 quos

167 4536 180 4559 ²
198 4541 212 4580 e
231 4536 282 4582 eod.
355 4528 367 4562 b
385 4533 469 4582 iudico
487 4535 539 4582 cod.

169 4637 180 4665 ¹
197 4633 319 4690 Videtur
336 4653 395 4691 esse
413 4635 544 4704 Croydon
561 4635 590 4690 in
610 4635 744 4690 comitatu
763 4634 875 4705 Surrey,
893 4639 925 4689 ut
944 4651 988 4689 me
1011 4633 1092 4690 docet
1110 4633 1142 4688 F.
1162 4633 1353 4689 Liebermunn.
