3336 5184
454 306 643 358 Aunxaunar
663 317 699 357 111
719 317 886 357 1111111111
905 303 964 357 267.
985 303 1036 357 268
1321 290 1380 351 151

106 463 307 546 presentiam
333 463 483 528 duximus
506 462 805 542 transmittendum
835 462 1040 528 dilectionem
1067 469 1209 527 vestram
1231 485 1289 546 per
1312 485 1387 546 apo·
1407 464 1541 522 117811.

107 570 224 635 stolica
248 570 371 652 scripta
390 591 552 653 rogamus,
576 589 742 635 monemus
762 570 917 633 attentius
937 575 970 633 et
988 568 1190 650 mandamus
1218 571 1388 651 quatinus⁸

107 677 335 742 convenientes
358 676 392 738 in
416 698 515 739 uuum
540 675 676 740 eundem
699 676 927 757 imperatorem
954 675 996 738 ad
1015 674 1206 757 complenda
1229 675 1388 758 promissa

107 789 139 847 et
162 805 280 866 pacem
311 788 457 847 nostram
490 788 522 846 et
555 804 647 846 suam
679 780 815 845 firmiter
839 781 1088 862 observandam,
1122 802 1221 863 quam
1244 783 1287 862 ei,
1321 780 1387 846 filio

107 912 177 970 suo,
201 890 284 953 tibib
317 889 401 952 sicut
431 888 608 952 venerabili
638 888 732 952 tratri
760 893 793 952 et
816 888 974 976 omnibns,
1000 887 1179 970 dequibus
1205 888 1389 970 specialiter

107 1003 220 1060 actum
240 1002 299 1078 est,
326 1001 358 1059 et
377 995 449 1058 aliis
470 996 578 1076 etiam,
599 995 682 1058 sicut
702 993 924 1058 desideranter
941 995 1132 1077 recepimus,
1157 1016 1286 1060 servare
1306 1017 1388 1060 sem-

107 1124 167 1186 per
189 1103 338 1168 volumus
363 1108 396 1164 ct
419 1107 584 1183 optamus,
618 1101 703 1165 sicut
730 1100 768 1165 de
792 1101 882 1166 vobis
911 1098 1101 1165 confidimns
1126 1107 1159 1165 et
1180 1103 1311 1184 utrique
1335 1124 1387 1166 cx·

106 1209 222 1292 pedire
246 1209 451 1291 cognoscitis,
472 1207 643 1289 inducatis,
668 1207 773 1271 eidem
791 1205 926 1270 firmiter
945 1214 1150 1289 exponentes,
1171 1208 1256 1289 quod
1275 1209 1388 1275 honori

107 1317 214 1398 ipsius
235 1321 268 1378 et
286 1315 414 1397 imperii
433 1336 491 1395 pro
510 1314 613 1379 nostri
632 1311 731 1378 officii
750 1313 869 1394 debito,
890 1321 1048 1395 quantum
1066 1314 1155 1378 Deus
1182 1314 1316 1396 dederit,
1340 1316 1387 1379 in-

108 1422 291 1486 tendemus.
339 1420 415 1503 Ipse
439 1425 557 1497 autem,
582 1421 665 1483 sicut
693 1421 761 1484 eius
786 1420 1009 1483 excellentiam
1034 1419 1135 1502 decet,
1160 1422 1313 1486 honorem
1337 1443 1387 1486 ec-

109 1528 210 1592 clesie
234 1527 349 1610 diligat
377 1533 410 1591 et
441 1526 635 1609 profectum,
663 1547 722 1590 nec
747 1526 984 1590 detractoribus
1009 1528 1207 1609 acquiescat,
1242 1530 1297 1611 qni
1321 1531 1388 1593 ani-

5 1631 6 1634 ’
109 1657 199 1699 mum
224 1635 293 1698 eius
316 1634 486 1698 turbantes
510 1654 623 1716 pacem
646 1638 792 1697 nostram
812 1638 845 1696 et
868 1654 960 1697 suam
980 1632 1066 1715 quod
1092 1633 1180 1697 absit
1203 1635 1388 1700 subvertere

110 1741 299 1805 moliuntur.

5 2117 6 2170 1
111 2098 197 2164 267.
220 2099 384 2158 Almander
405 2099 457 2158 ΙΠ
474 2099 621 2158 uniuersis
644 2099 828 2158 emiesiurum
845 2099 987 2173 praelatis
1014 2099 1041 2157 Τ,
1064 2101 1211 2158 medicum
1234 2101 1272 2159 ad
1289 2101 1388 2160 dirae-

223 2207 319 2264 riaum
342 2206 546 2282 imperatorem
568 2206 746 2264 destinatum
768 2206 957 2264 commendat.

440 2325 508 2395 Reg.
527 2323 607 2378 Alex.
627 2323 724 2401 fragm.
744 2340 786 2394 ep.
805 2326 849 2391 57,
867 2324 885 2377 l.
905 2323 923 2378 l.
942 2323 989 2378 fol.
1010 2325 1069 2411 126.

201 2501 473 2585 archiepiscopis
498 2502 657 2584 episcopis
681 2502 715 2564 ‘et
737 2500 862 2565 dilectis
888 2499 964 2565 filiis
988 2501 1162 2567 abbatibus
1187 2508 1219 2566 et
1242 2502 1315 2566 aliis
1338 2523 1388 2566 ec·
1409 2503 1543 2562 1178111.

111 2608 284 2672 elesiarnm
299 2608 464 2689 praelatis,
489 2607 530 2672 ad
550 2629 631 2690 quos
648 2608 761 2671 literae
779 2609 841 2671 iste
860 2609 1074 2689 pervenerint.
1110 2608 1273 2672 Dilectum
1287 2606 1389 2672 filium

111 2715 147 2779 Τ.
173 2714 335 2778 medicum
358 2720 504 2778 nostrum
527 2714 726 2796 presentium
749 2713 906 2796 latorem,
934 2734 1029 2795 quem
1062 2713 1104 2778 ad
1126 2714 1333 2778 karissimum
1356 2716 1388 2777 in

111 2821 242 2886 Christo
264 2820 368 2884 filium
381 2820 608 2905 Ftridcricum)
626 2820 785 2885 illustrem
799 2820 1020 2885 Romanorum
1037 2820 1266 2902 imperatorem
1284 2827 1389 2885 trans·

110 2928 282 3009 mittimus
307 2927 511 2992 universitati
535 2933 640 2991 vestre
664 2928 821 2991 attentius
846 2925 1107 2990 commendamus
1131 2947 1189 3008 per
1212 2927 1390 3009 apostolica

110 3035 236 3115 scripta
258 3039 426 3098 monentes
448 3035 640 3116 propensius
664 3039 697 3097 et
718 3032 920 3113 mandantes,
945 3033 1099 3113 quatinus
1124 3053 1196 3095 eum
1219 3055 1278 3116 pro
1301 3054 1388 3098 reve·
1489 3045 1490 3048 ’

110 3140 218 3203 rentia
241 3139 331 3203 beati
353 3139 444 3204 Petri
468 3146 500 3204 et
523 3147 635 3205 nostra
657 3140 795 3222 benigne
818 3139 962 3220 recipere
984 3139 1111 3220 ipsique
1135 3141 1254 3203 curetis
1283 3140 1317 3202 in
1340 3161 1388 3204 se-

111 3267 189 3310 curo
214 3245 376 3309 conductu
399 3253 432 3310 et
449 3247 522 3310 aliis
541 3245 788 3310 necessitatibus
807 3244 987 3326 providere,
1012 3245 1060 3308 ita
1083 3244 1170 3326 quod
1188 3245 1389 3310 devotionem

111 3357 256 3416 vestram
280 3358 412 3434 propter
426 3353 487 3417 hoc
500 3375 564 3418 non
581 3352 730 3416 inmerito
750 3350 1009 3416 commendemus
1034 3356 1066 3414 et
1088 3351 1264 3433 peticiones
1287 3352 1389 3417 liben-

111 3460 178 3523 tius
202 3463 235 3521 et
258 3456 418 3523 efficatius
443 3459 661 3524 admittamus.

112 3815 202 3882 268.
227 3817 390 3877 Aleuander
414 3816 462 3875 HI
481 3817 627 3876 Biiderico
650 3817 951 3892 imperaturi'scribit,
983 3835 1056 3892 quae
1078 3816 1111 3874 de
1133 3835 1188 3874 suo
1211 3835 1276 3892 erpa
1298 3817 1388 3874 Lom-

225 3924 329 3984 bardos
352 3929 377 3982 et
399 3923 522 3982 Graecos
545 3923 642 3981 studio
664 3923 848 3996 nuntientur,
875 3942 894 3981 a
910 3924 996 3999 pacis
1014 3923 1145 3982 hostibus
1168 3924 1303 3981 ementita
1321 3943 1388 3982 esse.

230 4030 358 4089 Causam
381 4049 469 4088 suam
492 4048 510 4087 a
531 4030 559 4086 Τ.
578 4029 686 4088 undieo
706 4029 870 4105 expositum
888 4030 936 4088 iri.
978 4030 1085 4089 Contra
1105 4011 1238 4102 Graecos
1265 4030 1294 4088 S.
1309 4030 1389 4089 Petri

219 4137 440 4212 patrimonium
473 4136 654 4209 invadentes,
686 4155 746 4194 sese
777 4136 816 4194 ad
837 4137 995 4211 liopertum
1025 4142 1051 4194 et
1076 4136 1253 4194 Tamredum
1282 4137 1389 4212 surpta

225 4243 391 4302 destinasse.
436 4243 539 4315 Addit,
572 4260 640 4300 cum
667 4248 738 4300 esset
767 4242 905 4315 VenetiiS,
933 4243 1098 4301 Marabiam
1124 4242 1245 4318 indipno
1271 4243 1388 4300 auidum

203 4458 257 4503 “in
274 4457 327 4504 cad.
345 4465 439 4504 nomtur
457 4455 612 4516 d(ilectiornm
629 4463 670 4502 aut
688 4455 856 4517 dnu‘etmmm)
875 4470 899 4504 v.
923 4472 949 4518 p.
975 4469 998 4502 a.
1022 4470 1040 4504 s.
1066 4470 1101 4502 ro.
1125 4469 1174 4502 mo.
1198 4456 1231 4503 at.
1257 4457 1282 4502 et
1303 4469 1337 4502 11.
1362 4469 1386 4516 q.

114 4541 219 4593 δ111111
238 4547 280 4606 qui
295 4562 361 4593 error
384 4547 422 4592 bic
445 4547 530 4604 luteam
557 4545 678 4604 epistolum
700 4545 759 4590 enim
777 4546 906 4604 aperitur
927 4561 975 4592 non
992 4561 1039 4591 aare
1056 4547 1179 4604 scriptam,
1202 4545 1268 4591 docet
1284 4560 1389 4591 unauna

110 4635 213 4694 pluralia
226 4635 283 4694 plcre
300 4635 368 4680 semel
385 4635 509 4680 adbibitus.
