3284 5184
286 286 350 348 218
719 304 810 358 Lucri
828 317 866 356 111
883 316 1051 358 nrrsronan
1070 305 1119 358 361

165 460 249 518 1184
285 461 407 545 pendat
437 482 497 526 nec
521 462 561 526 de
584 462 717 527 alterius
750 463 955 547 praebendae
988 463 1147 527 fructibus
1179 465 1380 546 reparationi
1406 464 1575 530 librorum

137 549 266 608 Iun-24·
285 574 319 632 et
341 569 414 632 aliis
446 568 559 633 usibus
592 570 747 634 ecclesiae
780 569 893 651 faciat,
927 571 1012 634 sicut
1043 575 1203 634 statutum
1235 569 1356 651 fuerat,
1389 570 1573 653 provideri.

283 673 378 739 Unde
402 675 479 757 quia
501 675 671 759 providere
694 699 752 741 nos
773 676 930 758 convenit,
950 698 991 741 ne
1010 678 1214 760 praescripta
1233 676 1370 741 ecclesia
1392 677 1427 740 in
1446 677 1574 741 divinis

284 781 447 862 obsequiis
470 782 521 846 vel
544 782 578 844 in
602 782 674 846 aliis
699 785 859 847 sustineat
882 783 1122 864 detrimentum,
1148 784 1265 847 vestris
1289 783 1575 866 postulationibus

284 895 462 952 annuentes
486 889 712 971 praesentibus
736 890 827 955 vobis
855 889 974 953 litteris
998 889 1212 972 indulgemus,
1237 896 1283 970 ut,
1308 890 1354 953 si³
1376 890 1574 973 praedictus

284 993 424 1059 decanus
449 995 625 1059 secundum
644 995 813 1078 antiquam
832 995 1098 1060 consuetudinem
1117 1002 1150 1060 et
1174 997 1438 1062 constitutionem
1461 997 1573 1061 eccle-

284 1103 351 1166 siae
374 1107 502 1166 vestrae
525 1101 681 1165 hactenus
705 1103 739 1165 in
763 1102 835 1166 aliis
860 1103 1023 1167 canonicis
1047 1102 1253 1167 observatam
1279 1102 1383 1167 eidem
1407 1104 1574 1168 ecclesiae

284 1207 445 1272 deservire
468 1208 617 1289 noluerit,
643 1229 716 1272 eum
738 1208 898 1274 fructibus
916 1210 1177 1294 praebendarum
1195 1210 1326 1275 illarum
1345 1210 1573 1293 appellatione

283 1315 465 1398 postposita
495 1315 670 1398 spoliandi,
703 1316 876 1379 reservatis
909 1318 939 1381 ei
969 1317 1140 1382 dumtaxat
1167 1317 1292 1398 solidis,
1326 1339 1407 1399 quos
1438 1316 1573 1382 foranei

284 1421 324 1485 de
348 1421 414 1484 suis
437 1414 631 1505 praebendis
655 1409 775 1486 deb'ent
797 1423 977 1506 percipere,
1010 1423 1049 1487 de
1073 1424 1268 1489 auctoritate
1291 1429 1404 1488 nostra
1426 1423 1572 1488 faculta-

283 1535 350 1593 tem
372 1529 510 1593 liberam
533 1528 692 1611 habeatis,
716 1530 764 1593 ita
780 1530 911 1612 quidem
925 1535 962 1594 ut
978 1529 1102 1594 fructus
1123 1531 1256 1594 alterins
1275 1530 1481 1613 praebendae
1507 1551 1573 1613 per

284 1657 398 1702 manus
422 1640 547 1699 vestras
571 1635 605 1698 in
627 1635 699 1700 illos
723 1659 801 1701 usus
825 1637 981 1700 ecclesiae
1008 1635 1149 1701 fideliter
1177 1637 1413 1720 expendantur,
1446 1637 1572 1718 quibus

285 1742 432 1826 deputati
456 1747 532 1806 sunt
555 1742 596 1806 ab
621 1743 765 1824 antiquo.
812 1742 901 1806 Nulli
925 1764 1000 1825 ergo
1023 1742 1190 1807 hominurn
1217 1742 1329 1825 liceat,
1362 1743 1446 1807 hanc
1472 1744 1571 1826 pagi-

283 1871 359 1913 nam
373 1854 504 1914 nostrae
520 1849 759 1913 constitutionis
773 1849 949 1931 infringere
965 1849 1015 1913 vel
1036 1850 1065 1913 ei
1089 1870 1171 1913 ausu
1194 1850 1367 1914 temerario
1391 1851 1569 1914 contraire.

284 1955 319 2021 Si
342 1957 415 2038 quis
439 1961 549 2020 autem
571 1955 633 2019 hoc
656 1960 820 2019 attentare
843 1957 1112 2039 praesumpserit,
1140 1952 1396 2038 indignationem
1420 1957 1569 2040 omnipo-

283 2063 382 2126 tentis
406 2061 468 2125 Dei
493 2068 526 2126 et
548 2061 718 2126 beatorum
740 2061 832 2125 Petri
857 2067 890 2126 et
912 2061 1007 2125 Pauli
1038 2063 1260 2144 apostolorum
1284 2063 1353 2126 eius
1383 2083 1418 2127 se
1441 2065 1573 2128 noverit

284 2169 497 2234 incursurum.
535 2167 659 2231 Datum
681 2167 822 2231 Arimini
845 2167 931 2232 VIII
954 2167 1028 2232 Kal.
1053 2167 1139 2232 Iulii.

507 2265 516 2294 0

284 2494 365 2559 361.
394 2493 510 2553 omos
532 2493 584 2552 III
602 2492 699 2551 abbati
723 2491 888 2552 Voltis-Det
910 2500 936 2552 ct
958 2494 1064 2552 decano
1087 2492 1259 2552 Oicestrcasa'
1281 2495 1414 2567 maudut,
1438 2495 1572 2554 iudicent

394 2601 471 2659 tator
493 2599 661 2657 Habronem
683 2599 821 2658 clericabo
843 2606 869 2659 et
897 2599 939 2660 W.
963 2598 1065 2675 filium
1087 2600 1256 2673 sacerdotis,
1289 2602 1323 2660 dc
1349 2601 1476 2660 ecclesiis
1504 2603 1570 2678 qui·

396 2707 521 2764 busdam
544 2705 700 2780 litigantes,

440 2806 513 2861 Bibl.
530 2812 587 2861 nat.
606 2805 693 2860 Paris.
712 2824 762 2862 ms.
781 2807 830 2861 lat.
851 2807 946 2862 16992.
965 2806 1011 2862 fol.
1032 2804 1105 2861 220b.
1138 2805 1254 2876 Scripsit
1271 2806 1407 2862 Martene.

101 2975 266 3036 1181-85.
374 2966 495 3031 Lucius
525 2987 611 3050 papa
633 2965 687 3030 III
719 2967 833 3031 abbati
866 2967 905 3030 de
928 2965 1023 3030 Valle
1046 2965 1109 3030 Dei
1141 2974 1174 3030 et
1206 2965 1327 3031 decano
1360 2966 1568 3035 Seioestriae.

286 3075 366 3140 Cum
390 3095 429 3138 ex
452 3073 580 3138 divinae
599 3074 852 3157 dispensationis
876 3074 983 3154 gratia
1007 3095 1168 3137 summum
1186 3074 1220 3136 in
1244 3074 1381 3139 ecclesia
1404 3075 1466 3140 Dei
1489 3076 1570 3140 licet

284 3182 437 3245 immeriti
469 3181 575 3244 locum
608 3181 827 3261 obtineamus,
861 3179 948 3243 circa
970 3179 1003 3243 id
1032 3180 1300 3244 considerationis
1323 3187 1454 3246 nostrae
1478 3183 1570 3247 acies

284 3289 407 3353 versari
432 3286 538 3368 debet,
563 3281 600 3352 ut
623 3288 758 3370 singulis
783 3308 875 3350 suam
899 3287 1058 3350 iustitiam
1088 3308 1313 3351 conservemus
1338 3294 1372 3351 et
1393 3309 1433 3352 ne
1456 3289 1491 3351 in
1516 3310 1569 3354 ec-

285 3394 457 3458 clesiarum
477 3394 643 3459 ordinibus
663 3395 848 3477 quicquam,
873 3393 959 3475 quod
978 3392 1053 3456 autb
1076 3395 1177 3457 sacris
1197 3394 1375 3459 canonibus
1394 3399 1452 3458 aut
1471 3415 1567 3458 sano-

284 3507 392 3565 torum
414 3506 545 3583 patrum
568 3500 827 3565 institutionibus
851 3501 955 3582 possit
983 3501 1158 3582 contraire,
1187 3499 1335 3582 vigilanti
1367 3499 1474 3565 studio
1504 3523 1566 3565 nos

285 3608 434 3672 convenit
456 3607 613 3690 pastorali
637 3606 854 3672 sollicitudine
877 3607 1055 3689 providere.
1106 3606 1158 3670 Ex
1181 3612 1274 3688 parte
1307 3613 1417 3671 autem
1439 3607 1566 3672 Hamo·

283 3715 333 3778 nis
367 3713 475 3778 clerici
499 3713 541 3778 ad
572 3721 701 3780 nostras
726 3734 821 3777 aures
854 3714 1000 3796 pervenit
1023 3712 1169 3795 querela,
1203 3713 1299 3794 quod,
1330 3735 1403 3777 cum
1427 3713 1569 3777 ecclesia

284 3821 324 3885 de
347 3820 487 3884 Bleselei
520 3826 553 3885 et
585 3821 722 3885 ecclesia
745 3820 785 3884 de
810 3818 1002 3884 Haltechme
1026 3818 1068 3882 ad
1097 3840 1169 3883 eum
1197 3819 1267 3883 iure
1289 3821 1485 3903 pertineant,
1510 3817 1566 3882 W.

283 3926 368 3992 filius
393 3927 582 4008 sacerdotis,
613 3928 668 4009 qui
691 3928 836 4010 proxime
865 3927 899 3988 in
928 3923 1049 3989 eisdem
1072 3926 1283 4008 ministravit,
1315 3928 1350 3990 in
1372 3926 1453 4010 ipsis
1477 3927 1566 3990 vica-

282 4036 367 4098 rium
394 4039 565 4117 praetextu
589 4033 757 4098 cuiusdam
792 4031 1007 4097 concessionis
1027 4030 1082 4095 ab
1106 4031 1219 4096 eodem
1241 4031 1283 4095 H.
1316 4031 1423 4097 factae
1451 4033 1564 4097 vendi-

283 4163 356 4206 care
381 4141 443 4206 sibi
466 4141 653 4224 praesumit.
702 4138 863 4222 Quoniam
886 4139 986 4220 igitur
1009 4157 1057 4218 ea,
1082 4159 1165 4219 quae
1189 4140 1295 4204 minus
1321 4138 1564 4205 rationabiliter
1632 4223 1633 4236 χ

282 4249 411 4329 fuerint,
437 4247 478 4312 ad
502 4247 707 4311 rectitudinis
731 4247 898 4311 tramitem
921 4264 1072 4308 revocare
1102 4243 1272 4326 debemus,
1297 4246 1485 4311 discretioni
1508 4267 1562 4310 ve·
1632 4243 1633 4307 i

282 4361 370 4420 strae
393 4376 451 4438 per
475 4353 654 4436 apostolica
678 4355 799 4436 scripta
815 4351 1018 4432 mandamus
1042 4333 1213 4432 qnatenus
1242 4351 1268 4415 si
1291 4352 1382 4417 vobis
1407 4353 1562 4418 constite-

281 4462 334 4542 rit,
359 4462 445 4543 quod
468 4468 563 4544 pater
589 4459 747 4543 praedicti
770 4458 823 4523 W.
852 4459 886 4522 in
910 4457 1031 4522 eisdem
1055 4456 1198 4521 ecclesiis
1226 4458 1371 4540 proxime
1394 4459 1561 4524 ministra·

370 4644 382 4668 ⁸
399 4640 420 4688 si
438 4643 531 4691 addidi.
604 4637 616 4670 b
635 4656 650 4689 a
667 4644 719 4690 cod.
