3284 5184
272 265 338 328 214
672 277 761 331 Lucri
778 257 815 330 ιιι
833 290 1000 330 nrrsronna
1020 278 1079 332 355.
1099 279 1151 332 356

272 442 726 516 351166666166666666,
758 461 795 500 66
824 442 859 500 io
890 442 1017 500 coelestis
1048 442 1223 500 monasterti
1246 442 1279 500 do
1305 442 1418 501 Bloooo
1444 442 1563 500 Lauda

382 551 443 627 filo·
465 550 647 608 sacerdotum
664 554 733 623 post
750 554 852 622 potres
868 548 1012 623 proximo
1034 548 1213 607 6616161661.

432 668 516 756 sibl.
535 673 592 723 nat.
610 667 698 721 Paris.
717 666 787 722 Goll.
807 665 911 720 Baluze
930 665 964 720 58
992 665 1039 721 sol.
1060 666 1119 720 210.
1148 683 1235 721 manu
1254 684 1275 721 s.
1295 681 1372 721 xvrr.

97 820 251 879 1182-83
361 811 481 875 Lucius
511 811 680 893 episcopus
713 829 824 873 servus
858 829 1022 873 servorum
1045 807 1107 871 Dei
1140 808 1265 872 dilectis
1294 807 1369 872 filiis
1392 809 1491 875 Petro
1524 815 1565 874 et

103 911 190 968 Mall-
203 911 253 967 28·
274 919 444 983 conventui
467 917 498 982 S.
523 916 650 981 Nicolai
674 914 713 979 de
727 915 852 978 Blanoa
865 913 981 978 Landa
1005 913 1143 978 salutem
1168 920 1201 978 et
1224 909 1436 997 apostolicam
1454 915 1562 1008 bene3

274 1026 458 1090 dictionem.
503 1022 557 1087 Ad
581 1021 779 1086 audientiam
807 1020 1008 1103 apostolatus
1037 1021 1140 1085 nostri
1168 1021 1371 1103 quorundam
1394 1023 1563 1088 relatione

273 1132 429 1216 pervenit,
454 1129 550 1212 quod,
575 1149 648 1193 cum
672 1128 711 1191 de
735 1149 835 1210 prava
854 1127 1086 1192 consuetudine
1105 1129 1232 1209 patriae
1253 1129 1318 1191 sint
1340 1149 1421 1211 pene
1441 1149 1561 1194 omnes

273 1237 455 1323 presbyteri
477 1237 605 1300 uxorati
630 1240 662 1299 et
684 1234 768 1299 filios
787 1234 939 1315 habeant,
959 1233 1003 1315 hi,
1024 1235 1079 1316 qui
1099 1235 1215 1297 vestris
1235 1234 1379 1299 ecclesiis
1399 1237 1562 1318 serviunt,

275 1347 301 1409 si
324 1343 408 1409 filios
432 1343 595 1423 ecclesias,
620 1343 653 1405 in
677 1341 794 1423 quibus
817 1346 929 1424 patres
952 1341 1153 1418 ministrant,
1184 1346 1258 1423 post
1286 1362 1340 1405 eos
1365 1343 1459 1424 quasi
1480 1343 1561 1408 iure

272 1451 469 1516 hereditario
501 1471 566 1513 ιιοιι
597 1449 785 1530 permittitis
818 1446 998 1530 possidere,
1033 1467 1106 1510 oum
1137 1447 1373 1512 archidiaconis
1401 1449 1452 1513 vel
1479 1449 1562 1513 aliis

175 1553 178 1557 ’
273 1558 419 1642 personis
452 1555 652 1621 secularibus
682 1554 856 1619 colludium
879 1555 993 1617 ineunt
1025 1558 1082 1616 aut
1111 1574 1169 1634 per
1197 1554 1347 1619 laicalem
1374 1557 1561 1637 potentiam

274 1687 329 1730 eas
362 1664 508 1729 obtinere
541 1660 739 1726 contendunt
771 1665 804 1724 et
835 1682 891 1724 vos
923 1659 1117 1723 fraudare
1108 1660 1229 1742 rniquis
1258 1661 1559 1726 machinationibus

274 1772 460 1836 moliuntur.
508 1766 700 1850 Quoniam
692 1768 752 1849 rgit
752 1789 792 1829 ur
814 1766 848 1828 in
872 1765 1017 1829 ecclesiis
1042 1767 1277 1830 successionem
1308 1773 1366 1831 aut
1387 1766 1562 1832 beneficiis

269 1876 502 1943 ecclesiasticis
522 1875 663 1939 constitu
664 1874 710 1938 116
730 1872 885 1936 canonica
905 1871 1047 1936 detestat
1033 1877 1096 1954 tur,
1115 1873 1174 1936 sub
1193 1849 1392 1937 interminat
1383 1895 1457 1938 rone
1476 1896 1561 1938 ana·

275 1985 409 2049 themat'
386 1989 428 2047 trs
451 1981 670 2066 prohibemus,
694 1978 777 2044 filios
802 1977 951 2043 sacerdot
937 1985 1007 2042 tum
1030 1980 1063 2041 in
1088 1979 1232 2043 ecclesiis
1256 1980 1372 2043 vestris
1401 1985 1476 2062 post
1498 2002 1562 2063 pa-

275 2099 342 2156 tres
365 2090 511 2173 proximo
533 2088 734 2166 ministrare,
767 2085 831 2149 nisi
853 2085 936 2149 forte
961 2086 1078 2167 aliquis
1103 2085 1214 2168 fuerit,
1248 2088 1335 2151 circa
1359 2108 1456 2169 quem
1482 2108 1563 2168 pro·

275 2205 348 2282 pter
371 2196 540 2260 scientiam
562 2193 614 2257 vel
636 2194 722 2256 ritae
745 2192 1005 2274 praerogativam
1030 2190 1284 2274 dispensandum
1307 2193 1423 2257 merito
1447 2193 1563 2256 videa-

275 2312 339 2369 tur.
385 2302 475 2366 Nulli
507 2322 581 2384 ergo
615 2300 743 2364 omnino
775 2298 942 2363 hominum
973 2298 1084 2379 liceat,
1122 2297 1207 2362 hanc
1239 2300 1392 2381 paginam
1424 2305 1561 2363 nostrae

276 2409 502 2497 prohibitionis
534 2406 709 2488 infringere
741 2405 791 2469 vel
823 2427 906 2469 ausu
939 2405 968 2468 ei
999 2405 1173 2469 temerario
1202 2407 1373 2470 contraire.
1421 2405 1456 2471 si
1484 2407 1562 2488 quis

277 2524 386 2582 autem
417 2515 478 2579 hoo
511 2519 706 2595 attemptare
738 2511 1006 2594 praesumpserit,
1040 2510 1296 2594 indignationem
1327 2514 1560 2596 omnipotentis

276 2625 339 2689 Dei
362 2629 394 2687 et
416 2620 471 2685 bb.
496 2621 587 2684 Petri
610 2625 643 2683 et
664 2619 760 2682 Pauli
784 2617 1004 2700 apostolorum
1036 2618 1104 2681 eius
1134 2639 1168 2681 se
1192 2619 1318 2683 noverit
1340 2619 1562 2684 incursurum.

276 2731 399 2795 Datum
422 2727 558 2791 Velletri
581 2725 611 2790 V
634 2724 688 2789 Κ1.
712 2725 817 2807 April.

277 2997 574 3064 6561666611]
593 2995 993 3070 611611116616911616616661
1015 2996 1159 3070 61661661
1181 2997 1214 3054 da
1236 2995 1338 3054 Kolaei
1360 2997 1492 3068 66666161,
1526 3003 1563 3055 ut

389 3106 518 3165 6116166
541 3105 574 3163 de
602 3103 731 3162 Wartrr'o
760 3103 919 3176 depoooot,
949 3102 1012 3160 6161
1037 3102 1217 3177 motaverit,
1252 3121 1314 3160 soso
1344 3121 1406 3161 666
1437 3103 1565 3162 scienter

388 3213 476 3290 falsis
499 3210 602 3270 litteris
624 3209 791 3284 apostolicis
814 3227 906 3267 66666
928 3227 996 3266 ossa

438 3329 510 3384 Bibl.
529 3335 588 3384 nat.
606 3328 693 3383 Paris.
712 3345 763 3382 ms.
782 3327 830 3382 lat.
851 3327 937 3382 16992
956 3325 1002 3382 fol.
1024 3327 1097 3381 2191.
1126 3326 1242 3397 Scripsit
1254 3327 1389 3382 Martene.

103 3496 258 3559 1182-83
367 3473 490 3537 Lucius
513 3492 600 3555 papa
622 3467 676 3534 ΙΠ
705 3469 817 3534 611611
841 3469 880 3533 de
903 3468 1160 3551 Meslagileburii
1188 3474 1220 3532 et
1247 3470 1348 3552 priori
1371 3469 1411 3534 de
1433 3468 1561 3534 Kelzci.

117 3587 239 3648 Maill.
279 3581 480 3645 Dilectorum
512 3576 653 3642 filiorum
684 3581 868 3641 nostrorum
902 3575 941 3639 de
964 3574 1095 3639 Vechiis
1124 3581 1157 3640 et
1185 3575 1224 3639 de
1247 3576 1371 3640 Tornot
1401 3576 1562 3642 abbatum

280 3693 312 3752 61
334 3686 471 3770 prioris⁸
503 3683 542 3748 de
566 3683 762 3748 Tomesberi
788 3683 930 3763 litteras,
963 3681 1140 3763 inquibus
1169 3703 1280 3746 eorum
1309 3683 1416 3766 sigilla
1439 3681 1562 3764 pende-

279 3793 369 3873 bant,
394 3791 591 3874 accepimuS,
621 3811 660 3854 ex
683 3811 821 3872 quarum
843 3795 955 3852 tenore
978 3787 1071 3852 nobis
1095 3789 1250 3869 innotuit,
1284 3787 1371 3869 quod
1395 3810 1467 3852 cum
1495 3789 1562 3871 ipsi

278 3900 461 3963 litterarum
485 3897 630 3977 obtento,
655 3917 736 3978 quas
752 3896 812 3959 sub
828 3895 956 3960 nomine
971 3894 1151 3958 Alexandri
1174 3893 1434 3977 praedecessoris
1453 3896 1561 3958 nostri

279 4010 479 4089 receperant,
502 4004 587 4067 inter
610 4003 782 4068 canonicos
811 4001 850 4065 de
873 4000 1032 4066 Wartriia
1055 4006 1088 4065 et
1111 4003 1281 4067 canonicos
1311 4001 1350 4065 de
1374 3999 1561 4066 Gisebume

280 4134 384 4196 super.
400 4111 482 4175 cella
506 4109 545 4173 de
559 4109 658 4173 Libes
682 4109 859 4174 voluissent
879 4107 918 4171 de
943 4129 1042 4171 causa
1066 4119 1274 4191 cognoscere,
1299 4107 1430 4172 tandem
1454 4107 1560 4172 abbas

280 4219 415 4284 ecclesie
439 4216 479 4281 de
503 4214 697 4296 Giddewrte,
721 4214 834 4278 habita
858 4215 951 4296 copia
973 4213 1170 4294 litterarum,
1196 4236 1251 4278 eas
1278 4213 1446 4296 redarguit
1469 4212 1561 4278 falsi-

280 4325 358 4388 tatis
382 4329 424 4405 et,
449 4323 535 4404 quod
559 4344 614 4386 eas
640 4322 699 4385 sub
724 4321 871 4385 examine
895 4321 979 4385 sedis
1004 4327 1118 4404 aposto
1085 4321 1202 4386 tolicae
1230 4320 1330 4384 falsas
1361 4326 1412 4385 ost
1399 4319 1559 4402 tt,endere

281 4430 342 4494 adb
368 4429 558 4493 mandatum
591 4449 701 4493 eorum
734 4425 947 4492 sufficientem
979 4427 1144 4510 priiaesttt
1178 4433 1253 4491 caut
1255 4428 1370 4492 ionem
1426 4426 1561 4490 Abbate

370 4609 526 4672 ‘prioribus
544 4626 563 4657 6.
639 4607 703 4657 brie
720 4611 825 4657 emerrdat
842 4611 1011 4658 3666166666
1030 4611 1104 4657 6661.
