3336 5184
269 252 331 313 168
651 267 840 320 Asamum
858 280 895 320 ur
913 279 1082 321 nrrsronns
1101 267 1153 320 292

151 423 247 485 1187·
267 426 457 508 Grisogoni⁸
488 424 669 509 presbyteri
702 426 890 507 cardinalis,
924 426 1121 509 apostolicae
1151 425 1236 490 sedis
1264 425 1378 508 legati,
1411 425 1550 490 auribus

266 533 387 598 nostris
410 533 568 612 insonuit,
593 531 679 614 quod
702 532 788 597 idem
818 533 988 616 episcopus
1015 538 1089 615 post
1116 533 1368 615 resignationem
1389 531 1550 598 Herberti

267 638 430 721 quondam
449 638 692 702 Aurelianensis
712 638 931 704 archidiaconi
950 638 1087 704 eundem
1107 639 1410 704 archidiaconatum
1429 660 1549 703 vacan-

266 750 333 810 tem
356 744 416 809 tibi
449 746 599 827 contulit,
632 746 821 828 priusquam
854 745 990 810 dilectus
1022 745 1109 810 filius
1141 752 1252 811 noster
1274 744 1313 809 Β.
1338 743 1548 810 Carnotensis

268 851 479 916 cancellarius
503 857 631 916 nostras
655 852 684 916 ei
708 850 834 916 litteras
858 857 1088 934 presentasset.
1127 851 1249 916 Verum
1268 852 1347 933 quia
1364 851 1450 917 idem
1470 874 1548 917 can-

267 958 418 1023 cellarius
442 963 517 1022 ante
540 959 727 1024 nuntiorum
751 962 881 1022 tuorum
905 959 1078 1023 adventum
1108 959 1230 1023 diutius
1259 963 1485 1041 expectaverat
1515 964 1551 1024 ct

266 1062 433 1148 praefatus
458 1065 627 1148 episcopus
651 1065 682 1128 ei
704 1063 891 1146 frequenter
917 1064 1079 1146 illuserat,
1108 1086 1149 1129 ne
1177 1065 1279 1148 ipsius
1307 1065 1549 1147 tergiversatio·

266 1171 362 1236 nibus
385 1170 521 1244 ulterius
553 1176 664 1253 posset
695 1169 838 1235 indebite
871 1170 1016 1252 fatigari,
1051 1193 1124 1236 eum
1157 1172 1196 1236 de
1225 1172 1385 1236 communi
1407 1170 1550 1236 fratrum

216 1259 219 1270 ¹
266 1282 450 1342 nostrorum
474 1276 608 1341 consilio
628 1273 668 1340 da
687 1277 866 1360 prescripto
886 1276 1153 1343 archidiaconatu
1171 1298 1229 1361 per
1255 1277 1389 1342 anulum
1412 1299 1551 1342 aureum

266 1384 497 1448 investivimus.
553 1382 628 1466 Ipse
661 1383 792 1464 quidem
824 1388 1011 1449 constanter
1043 1385 1183 1448 asseruit
1214 1405 1275 1448 noc
1311 1384 1344 1447 in
1382 1385 1551 1467 presentia
1594 1361 1604 1380 ⁰

265 1491 452 1555 nuntiorum
475 1494 604 1553 tuorum
631 1489 765 1553 verbum
793 1491 944 1576 mutavit,
978 1491 1079 1572 quod,
1111 1512 1185 1554 cum
1216 1489 1363 1573 praefato
1398 1492 1551 1574 episcopo

214 1674 216 1680 Α
265 1597 393 1660 litteras
417 1601 544 1661 nostras
569 1595 715 1686 exhibuit
738 1601 770 1660 et
793 1617 920 1680 semper
943 1597 1044 1670 donec
1067 1597 1148 1663 vixit
1170 1596 1255 1661 idem
1281 1595 1481 1678 Herbertus,
1515 1619 1551 1662 se

265 1709 303 1766 ut
325 1702 588 1767 archidiaconum
611 1704 725 1784 gessit,
753 1724 979 1786 necunquam
1002 1704 1035 1766 in
1059 1702 1258 1768 exhibitione
1282 1703 1468 1768 litterarum
1491 1725 1551 1768 no·

267 1813 408 1872 strarum
432 1807 556 1892 aliquid
579 1809 640 1874 fuit
667 1810 707 1874 de
734 1814 792 1874 tua
819 1810 1011 1874 investitura
1039 1811 1249 1893 propositum.
1300 1808 1463 1891 Quoniam
1489 1810 1551 1892 igi-

265 1920 320 1978 tur
342 1914 435 1980 nobis
460 1922 545 1981 esset
568 1916 742 1982 admodum
765 1917 991 1998 verecundum,
1016 1918 1043 1980 si
1062 1915 1185 1981 factum
1208 1922 1356 1982 nostrum
1379 1916 1549 1981 caliditate

266 2021 439 2086 cuiuslibet
464 2023 652 2104 solveretur,
677 2028 710 2086 et
732 2021 793 2086 tibi
817 2022 947 2106 expedit
974 2021 1163 2105 plurimum,
1194 2022 1287 2088 nobis
1310 2024 1344 2086 in
1366 2023 1429 2088 hac
1451 2030 1549 2106 parte

266 2127 401 2210 deferre,
427 2151 499 2193 cum
522 2129 717 2212 promotioni
740 2133 796 2193 tue
815 2128 1072 2194 consideratione
1091 2129 1255 2194 karissimi
1280 2131 1314 2193 in
1333 2127 1463 2194 Christo
1487 2128 1550 2193 filii

266 2236 368 2300 nostri
391 2234 570 2320 L(udovici)
593 2236 728 2300 illustris
751 2234 953 2301 Francorum
976 2236 1062 2317 regis
1087 2243 1119 2300 et
1142 2237 1191 2300 tui
1213 2236 1331 2319 ipsius,
1360 2257 1457 2318 quem
1481 2236 1548 2300 sin-

265 2363 338 2409 cere
370 2341 548 2424 diligimus,
584 2341 720 2406 velimus
752 2342 919 2406 intendere
951 2341 1137 2424 diligenter,
1176 2342 1404 2407 discretionem
1443 2347 1547 2424 tuam,

266 2450 349 2514 sicut
371 2470 515 2530 unquam
538 2469 720 2530 possumne,
753 2469 903 2530 rogamus
936 2453 1102 2514 monentes
1127 2450 1284 2514 attentius
1310 2454 1342 2513 et
1365 2449 1547 2530 hortamur,

267 2555 419 2636 quatinus
449 2555 604 2619 honorem
636 2555 756 2638 ipsum,
789 2576 922 2638 precum
953 2561 1139 2620 nostrarum
1171 2555 1291 2619 intuitu
1321 2561 1353 2620 et
1381 2556 1458 2638 quia
1485 2556 1548 2620 tibi

268 2660 401 2724 dubium
425 2668 474 2725 est
497 2661 606 2725 subire
639 2661 807 2742 iudicium,
841 2661 1007 2744 praedicto
1041 2661 1234 2730 cancellario
1264 2661 1430 2744 relinquas
1457 2663 1547 2745 paci-

266 2765 327 2830 fice
350 2766 591 2849 possidendum.

267 3000 354 3066 292.
379 3003 542 3062 Amenda
563 3003 615 3062 ΙΙΙ
632 3022 651 3060 a
673 3003 821 3062 Dodonaeo
849 3004 1033 3063 Flaccorum
1063 3023 1126 3080 repe
1155 3005 1272 3081 expetit,
1305 3005 1468 3064 Haemum
1491 3005 1547 3064 Re-

377 3127 507 3168 mensem
531 3109 749 3168 tleesaurere'am
778 3110 910 3183 inducat,
943 3117 977 3170 ar
999 3111 1034 3170 B.
1058 3111 1228 3171 cancellarie
1255 3111 1430 3172 &molensi
1451 3112 1547 3170 arehi-

378 3215 566 3276 de'eeoautam
588 3216 831 3275 aurelianensem
853 3217 989 3276 dimittat.

373 3333 441 3406 aeg.
459 3334 540 3389 Alex.
559 3305 656 3406 friga.
676 3350 718 3404 ep.
738 3334 762 3401 2,
781 3333 811 3387 in
830 3333 889 3389 cor.
909 3335 979 3390 con.
998 3336 1126 3392 rusiae.
1140 3335 1299 3408 cmabrig.
1314 3336 1348 3390 a.
1359 3336 1384 3390 a
1396 3337 1437 3389 17.

783 3422 1017 3478 smfflffl

151 3587 246 3648 1173,
355 3565 542 3650 L(udovico)
565 3564 684 3629 illustri
702 3562 903 3629 Francorum
926 3565 1004 3647 regi.
1042 3563 1093 3630 Ea
1116 3565 1209 3631 nobis
1234 3572 1283 3631 est
1307 3566 1346 3631 de
1370 3573 1426 3631 tue
1450 3565 1545 3632 devo-

265 3674 362 3739 tionis
387 3673 572 3738 sinceritate
589 3669 725 3750 fiducia,
750 3671 837 3752 quod
861 3691 973 3735 secure
992 3677 1047 3737 tue
1066 3673 1283 3755 magnitudini
1306 3694 1420 3755 preces
1442 3674 1546 3756 porri-

188 3813 199 3836 ·
265 3782 380 3864 gimus,
405 3801 486 3862 quas
510 3777 657 3843 exaudiri
679 3775 826 3842 volumus
858 3783 891 3841 et
913 3783 1077 3860 optamus,
1108 3779 1185 3860 quia
1213 3785 1246 3844 et
1270 3776 1346 3860 nos,
1374 3785 1546 3861 quantum·

267 3907 393 3968 cunque
417 3907 490 3950 cum
513 3884 583 3949 Deo
606 3905 793 3966 possumus,
826 3884 1004 3966 peticiones
1032 3885 1139 3966 regias
1167 3885 1275 3950 animo
1302 3885 1545 3968 promptissimo

267 3994 466 4059 exaudimus.
514 3990 674 4073 Quocirca
706 3990 895 4055 excellentie
927 3991 1015 4072 regie
1043 4012 1154 4074 preces
1183 3990 1376 4057 affectuosas
1408 3992 1545 4075 porrigi-

266 4123 348 4182 mus,
372 4121 534 4183 rogamus,
562 4119 728 4163 monemus
752 4097 908 4161 attentius
933 4103 966 4161 et
988 4097 1184 4180 hortamurb,
1210 4099 1363 4181 quatinus
1392 4098 1544 4164 dilectum

266 4207 368 4272 filiurn
391 4213 537 4274 nostrum
559 4205 738 4269 Henricum
760 4203 954 4269 Remensem
981 4204 1235 4285 thesaurarium,
1267 4211 1419 4288 nepotem
1441 4211 1543 4288 tuum,

265 4315 386 4378 intuitu
408 4326 593 4378 nostrarum
620 4331 752 4394 precum
775 4310 925 4392 inducas,
949 4316 986 4374 ut
1009 4311 1308 4378 archidiaconatum
1331 4312 1543 4377 Aurelianen-

355 4500 366 4523 ¹
384 4494 537 4556 Grisogoner‘r
555 4495 607 4543 eod.
679 4486 692 4521 ¹³
710 4495 743 4540 eie
761 4493 866 4554 mppleoi
882 4506 917 4542 ro.
937 4507 985 4541 mo.
1005 4492 1125 4541 attentius
1144 4495 1168 4542 et
1186 4492 1239 4542 hor.
1258 4507 1283 4555 q.
1302 4495 1398 4543 meleha

357 4599 365 4627 ¹
383 4596 527 4652 Manassis.
