3336 5184
468 307 634 362 Hebrum
652 321 687 361 iv
705 318 872 361 nrrsronnn
890 305 943 359 224
1303 293 1361 352 121

96 467 178 550 quod
215 465 376 548 praedicti
412 466 574 547 monachi,
611 487 652 530 ne
683 466 756 548 plus
789 487 885 548 quam
923 467 1047 548 septem
1079 463 1196 530 fratres
1228 467 1262 530 in
1294 489 1367 533 eon·
1410 463 1493 521 1155

95 580 189 638 ventu
220 579 254 636 et
280 573 368 636 ultra
395 577 524 636 centum
548 593 621 637 oves
646 578 679 637 et
701 593 816 654 capras
843 573 877 636 in
895 572 1020 654 posito·
1045 572 1116 638 looo
1139 572 1295 656 habeant,
1319 578 1366 641 eis
1387 552 1448 612 1³¹²·
1461 551 1511 610 ²3·

95 681 131 745 de
152 680 333 745 voluntatis
358 700 435 742 suae
462 678 663 760 plenitudine
690 679 899 758 interdicant3
929 679 1032 744 modis
1064 681 1162 744 etiam
1193 682 1265 746 aliis
1297 685 1365 764 qui-

93 788 150 852 bus
183 791 324 868 possunt
356 806 409 851 eos
442 785 596 850 infestare
627 807 692 850 non
723 785 876 850 desinunt
906 791 952 866 et,
986 787 1138 867 quoniam
1171 791 1367 870 emergentia

17 885 18 930 t
94 893 249 958 scandala
285 892 324 956 de
365 892 470 957 medio
511 891 625 956 tollere
665 892 811 956 volumus
847 892 954 972 vobis,
997 892 1036 955 de
1073 913 1209 974 quorum
1248 895 1366 960 discre-

93 1003 178 1064 tione
202 997 405 1080 confidimus,
430 999 681 1064 controversiam
713 999 818 1080 ipsam
847 998 1082 1062 discutiendam
1111 1000 1280 1066 etdebito
1303 1001 1365 1067 fine

92 1104 331 1171 terminandam
364 1105 590 1169 commisimus
637 1103 779 1185 Ideoque
811 1123 869 1186 per
900 1105 1086 1186 praesentia
1122 1107 1212 1171 vobis
1246 1110 1367 1192 scripta

91 1213 299 1293 mandamus,
328 1218 487 1294 quatenus
515 1211 617 1275 infrab
640 1211 734 1274 unius
758 1211 878 1274 mensis
902 1212 1054 1292 epatium,
1078 1219 1250 1294 postquam
1274 1237 1365 1297 prae-

91 1322 197 1386 sentia
222 1319 344 1400 scripta
366 1319 580 1400 receperitis0,
603 1323 742 1399 utraque
770 1323 863 1400 parte
887 1322 962 1380 ante
985 1323 1127 1382 vestram
1149 1323 1365 1402 praesentiam

91 1431 227 1493 evocata
259 1431 293 1489 et
323 1424 503 1489 rationibus
534 1423 706 1487 hincinde
730 1423 902 1505 diligenter
930 1423 1051 1488 auditis
1080 1430 1112 1488 et
1136 1427 1287 1509 cognitis,
1320 1429 1366 1493 ita

91 1536 176 1598 inter
204 1553 260 1596 eos
288 1531 483 1613 competenti
515 1530 734 1596 moderamine
767 1530 925 1594 studeatis
953 1530 1087 1612 pacifice
1115 1533 1298 1616 convenire,
1330 1542 1367 1614 ut

17 1637 18 1646 ’
94 1647 126 1705 et
148 1640 205 1702 isti
229 1638 355 1720 possint
377 1638 479 1702 libere
492 1637 632 1702 Domino
656 1635 836 1700 deservired
860 1643 893 1700 et
914 1637 1116 1718 praedictum
1135 1642 1366 1706 monasterium

93 1747 280 1810 Anianense
303 1749 435 1826 propter
457 1743 519 1807 hoo
540 1744 610 1825 pati
628 1765 692 1807 non
712 1742 829 1806 debeat
848 1743 1086 1808 detrimentum.
1126 1742 1218 1825 Quod
1238 1748 1265 1810 si
1284 1747 1366 1812 forte

93 1853 201 1917 elerici
224 1850 410 1934 praedictae
430 1849 584 1913 eeclesiae
609 1849 648 1914 de
666 1848 857 1913 Vallecrosa
879 1850 985 1914 vocati
1009 1871 1028 1912 a
1047 1849 1138 1914 vobis
1161 1859 1268 1918 vestro
1292 1875 1365 1920 eon-

93 1959 218 2042 spectui
240 1962 449 2039 praesentare
473 1961 530 2019 aut
551 1956 617 2019 iam
640 1954 727 2018 faeta
745 1955 795 2019 vel
815 1954 963 2019 facienda
982 1977 1002 2019 a
1020 1957 1111 2022 vobis
1136 1961 1365 2041 compositione

93 2073 178 2129 stare
202 2063 374 2142 noluerint,
398 2062 475 2126 licet
498 2062 563 2125 sint
589 2082 609 2124 a
631 2060 725 2125 nobis
756 2083 776 2125 a
796 2063 1015 2145 suspensionis
1035 2065 1196 2128 sententia
1215 2065 1364 2148 absoluti,

93 2180 209 2237 extunc
241 2175 351 2234 tamen
384 2168 495 2232 eadem
527 2188 581 2231 eos
610 2168 771 2231 sententia
802 2167 977 2249 religamus
1006 2176 1039 2233 et
1068 2174 1136 2234 tam
1160 2171 1216 2234 diu
1239 2177 1365 2236 senten-

17 2295 19 2316 *
91 2281 170 2342 tiam
194 2278 299 2359 ipsam
321 2275 537 2358 praecipimus
567 2273 797 2337 inviolabiliter
825 2273 1002 2356 observari,
1035 2275 1136 2340 donec
1164 2278 1302 2342 alterum
1325 2279 1364 2342 de

91 2385 141 2449 his
165 2403 250 2466 quae
274 2403 372 2465 supra
402 2381 540 2445 diximus
569 2380 745 2462 adimplere
774 2386 954 2462 cogantur.⁰
998 2381 1174 2448 Praeterea
1203 2384 1363 2449 nihilomi-

91 2513 151 2555 nus
174 2489 266 2555 vobis
285 2487 486 2569 mandamus,
510 2492 672 2574 quatenus
692 2487 720 2549 si
739 2486 848 2569 aliquo
867 2487 1100 2570 interveniente
1120 2491 1287 2555 occasione
1306 2491 1364 2554 ali-

91 2599 163 2680 quis
188 2601 331 2660 vestrum
354 2595 429 2658 huic
453 2615 569 2665 causae
588 2594 744 2656 interesse
767 2612 832 2656 non
850 2595 1003 2676 potuerit,
1028 2595 1091 2660 duo
1116 2618 1155 2660 ex
1178 2596 1268 2661 vobis
1291 2619 1364 2680 pro·

89 2711 163 2788 pter
195 2702 257 2768 hoc
292 2722 497 2783 nequaquam
534 2700 715 2780 dimittant,
753 2698 847 2780 quinf
876 2706 1023 2765 nostrum
1055 2702 1245 2767 mandatum
1282 2704 1365 2768 sicut

89 2809 330 2893 supradiximus
364 2807 516 2871 studeant
547 2805 733 2888 adimplere.
780 2803 902 2869 Datum
930 2806 1054 2871 Romae
1069 2807 1071 2814 '
1085 2830 1136 2891 ap.
1170 2809 1201 2875 S.
1230 2809 1364 2874 Petrum

89 2916 123 2981 X
141 2915 309 2990 Kalendas
333 2913 514 2978 Februarii.

86 3186 179 3252 224.
199 3185 373 3248 Hadrianus
396 3184 445 3242 IV
466 3184 595 3260 fratrum
624 3183 860 3242 Vireioaensiam
885 3184 1048 3242 electionem
1075 3185 1108 3244 de
1129 3186 1230 3262 pare
1251 3187 1279 3246 S.
1298 3188 1363 3248 Ma-

200 3293 313 3351 aa’ma'ne'
330 3291 439 3367 factam
456 3297 559 3349 cassat.
596 3289 750 3365 Praecepit.-
769 3295 803 3348 at
821 3309 855 3348 aa
872 3291 1088 3366 waprepatioae
1106 3291 1295 3352 Olaniacanei
1312 3313 1363 3352 sea

200 3418 236 3457 aa
258 3397 559 3457 Maiori-monastario
582 3396 678 3454 alium
700 3397 758 3454 eibi
780 3397 908 3456 abbatem
931 3396 1043 3471 eliquat.

207 3499 281 3554 Bibl.
300 3507 357 3554 nat.
376 3498 463 3553 Paris,
487 3501 513 3568 1)
533 3497 637 3553 Oartul.
655 3497 778 3552 Virsion.
797 3514 848 3551 ms.
867 3497 915 3551 lat.
934 3497 1004 3552 9865
1023 3516 1044 3552 s.
1063 3499 1177 3554 x11fol.
1197 3499 1238 3568 2¹³3

392 3589 418 3657 2)
437 3605 488 3642 ms.
506 3587 554 3642 lat.
575 3588 659 3641 12691
680 3587 726 3641 fol.
747 3587 819 3641 103b.
839 3603 925 3640 manu
944 3604 965 3640 s.
985 3599 1062 3642 xvn.
1165 3666 1168 3678 Ι

176 3748 343 3813 Adrianus
367 3748 535 3830 episcopus
560 3767 670 3811 servus
695 3767 860 3811 servorum
877 3746 940 3810 Dei
963 3747 1112 3813 universo
1132 3750 1273 3832 capitulo
1290 3750 1361 3814 Vir·
1406 3750 1489 3807 1155

83 3856 249 3923 sionensis
273 3855 427 3918 ecclesiae
451 3854 589 3918 salutem
618 3859 650 3917 et
678 3852 889 3935 apostolicam
913 3852 1179 3920 benedictionem.
1224 3856 1361 3921 Venien-
1383 3839 1443 3896 Ian·
1457 3838 1507 3897 29·

82 3971 136 4029 tes
162 3963 204 4027 ad
227 3983 287 4025 nos
311 3960 443 4042 quidam
466 3960 584 4038 fratres
602 3961 703 4023 vestri
726 3959 926 4041 electionem,
951 3981 1048 4041 quam
1075 3960 1114 4024 de
1132 3962 1239 4044 priore
1259 3964 1363 4026 sancti

84 4069 260 4136 Maximini
292 4067 456 4148 feceratiS,
489 4065 715 4150 praesentibus
745 4066 867 4129 nuntiis
900 4066 1093 4132 venerabilis
1126 4067 1236 4132 fratris
1259 4070 1362 4133 nostri

84 4175 304 4240 Bituricensis
333 4173 592 4256 archiepiscopi,1
619 4173 653 4235 in
677 4177 786 4236 nostro
811 4171 972 4238 auditorio
1002 4173 1211 4274 explicarunt.
1259 4165 1362 4257 Super

177 4359 190 4383 ⁸
207 4355 326 4418 imposito
344 4357 413 4404 codd.
492 4350 505 4382 b
523 4354 591 4402 intra
614 4355 637 4402 2.
719 4355 729 4380 ⁰
747 4355 817 4400 verba
839 4351 1101 4416 intra-receperitis
1124 4357 1204 4402 mmm
1221 4357 1246 4402 in
1264 4356 1316 4404 eod.
1336 4356 1359 4404 3.

84 4442 213 4494 dservire
232 4447 256 4494 3.
330 4447 485 4505 ‘cogentum
505 4444 562 4492 Dat.
581 4443 612 4491 R.
632 4456 672 4504 ap.
692 4441 717 4489 S.
732 4441 834 4488 Petrum
854 4443 887 4502 3„
906 4451 981 4490 actara
999 4445 1086 4492 mount.
1150 4437 1228 4492 seed.
1243 4441 1262 4489 2
1279 4445 1362 4491 menda

85 4537 131 4582 boe
150 4537 202 4583 loeo
221 4536 327 4582 continet.

178 4637 189 4666 ¹
208 4635 292 4690 Petri.
