3336 5184
482 318 672 371 nmmum
690 331 728 370 ιιι
746 329 914 370 nrrsronnu
933 318 984 370 317
1311 304 1372 367 185

96 479 205 559 olesie,
230 498 314 560 quae
338 476 486 543 omnibus
514 483 547 542 et
569 478 709 542 maxime
736 477 813 540 viris
842 476 1070 542 ecclesiasticis
1096 478 1131 541 in
1154 479 1222 542 suis
1244 477 1560 543 tenetur1179ex.-

95 583 346 650 necessitatibus
380 583 559 665 subvenire,
591 583 759 649 laboribus
789 590 823 648 et
851 585 1000 667 expensis
1027 585 1187 648 inutiliter
1209 584 1373 668 fatigetur,
1411 566 1496 626 118⁰
1506 568 1546 627 5¹1·

95 692 184 775 quod
216 712 276 774 pro
309 690 421 756 eodem
453 691 603 777 H(erveo)
635 690 830 774 incepimuS,
862 690 1009 755 nolentes
1041 691 1226 773 relinquere
1257 693 1373 774 imper-

96 799 232 878 fectum,
257 797 428 880 presertim
460 818 533 861 cum
566 797 606 862 de
639 818 676 888 eo
699 798 760 860 riri
783 818 897 880 graves
919 796 1014 862 nobis
1037 797 1261 880 perhibuerint
1283 800 1373 862 testi-

95 905 252 985 monium,
276 908 310 967 et
331 903 366 966 in
383 903 498 968 eadem
516 904 682 968 voluntate
704 909 872 968 manentes
895 906 1098 987 propositum
1121 910 1269 969 nostrum
1288 904 1375 968 circa

17 989 18 1008 Χ
96 1013 164 1075 eius
189 1009 408 1094 provisionem
430 1010 580 1075 nolumus
604 1011 810 1093 aliquatenus
833 1011 1015 1075 immutare.
1063 1009 1143 1075 Oum
1166 1010 1266 1092 igitur
1289 1010 1375 1074 idem

17 1131 18 1138 ³
93 1117 267 1202 H(erveus)
290 1116 414 1179 nullum
440 1116 560 1181 habeat
587 1116 780 1182 beneficium
803 1119 866 1181 nisi
894 1116 1061 1181 dimidiam
1088 1121 1216 1180 tantum
1239 1117 1374 1201 preben-

17 1267 18 1300 ι
94 1225 171 1288 dam
196 1244 256 1287 nec
280 1243 319 1286 ex
342 1244 380 1287 ea
403 1223 506 1306 possit
525 1223 690 1290 commode
710 1224 897 1305 sustentari,
920 1224 1108 1288 necessitati
1122 1223 1224 1306 ipsius
1239 1228 1374 1306 paterno

17 1313 18 1322 ἵ
95 1330 334 1414 compatientes
358 1327 476 1393 affectu
500 1335 532 1394 et
555 1330 705 1413 precibus
729 1330 868 1394 fratrum
891 1337 1075 1395 nostrorum
1094 1329 1265 1412 benignius
1284 1329 1374 1393 incli-

94 1439 175 1519 nati,
200 1457 287 1500 nunc
310 1438 412 1500 tercia
434 1437 505 1502 vioe
527 1435 602 1518 tibi,
635 1434 737 1500 frater
760 1437 924 1519 episcope,
957 1436 1149 1501 mandamus
1174 1442 1206 1500 et
1229 1436 1375 1500 districte

17 1523 18 1540 χ
95 1545 304 1627 precipimus,
329 1543 493 1625 quatinus,
514 1543 615 1608 donec
633 1542 759 1627 prefato
778 1542 928 1628 Hlerveo)
948 1564 1040 1607 suam
1058 1544 1281 1625 integraveriS,
1305 1543 1375 1606 nul-

17 1633 18 1716 l
93 1651 160 1714 lam
186 1649 244 1714 alii
267 1649 464 1732 prebendam
497 1648 644 1714 conferas
676 1648 727 1713 vel
750 1650 910 1731 assignes,
943 1650 1060 1713 litteris
1088 1649 1208 1713 nostris
1232 1671 1296 1714 non
1319 1649 1374 1714 ob-

17 1791 18 1800 *
96 1756 276 1837 stantibus,
310 1757 338 1819 si
362 1776 424 1838 que
448 1761 523 1819 sunt
549 1756 600 1819 vel
627 1754 757 1837 fuerint,
776 1755 893 1819 harum
915 1761 1028 1821 tenore
1056 1756 1167 1836 tacito,
1190 1756 1373 1839 impetrate.

96 1861 189 1945 Quod
215 1863 332 1926 sinon
355 1867 543 1927 occurrente
567 1861 701 1926 dimidia
723 1863 883 1944 integram
911 1863 940 1926 ei
967 1861 1166 1945 prebendam
1189 1863 1374 1944 contuleris,

95 1970 243 2035 volumus
266 1974 313 2049 ut,
338 1989 411 2032 cum
434 1968 474 2033 de
497 1969 624 2051 integra
650 1989 709 2051 per
732 1989 766 2032 se
789 1968 840 2032 vel
863 1989 922 2050 per
943 1969 1169 2051 interpositam
1191 1989 1374 2053 personam,

96 2077 121 2139 si
144 2075 266 2140 absens
290 2073 397 2156 fuerit,
425 2075 459 2138 in
481 2073 616 2138 fratrem
635 2080 668 2138 et
685 2075 876 2138 canonicum
895 2095 915 2138 a
934 2074 1076 2157 capitulo
1094 2081 1243 2158 receptus
1267 2074 1374 2154 fuerit,

96 2183 133 2246 de
158 2181 306 2263 dimidia,
331 2203 429 2263 quam
450 2181 521 2264 ipse
534 2180 644 2261 habet,
664 2201 702 2244 eo
717 2181 816 2244 etiam
840 2178 984 2261 absente,
1003 2186 1116 2245 nostra
1139 2180 1241 2246 fretus
1265 2186 1374 2246 aucto-

95 2289 192 2352 ritate
219 2287 381 2371 disponas.
427 2286 529 2352 Vobis
559 2292 678 2367 autern,
711 2285 770 2350 fflii
794 2286 915 2350 decane
943 2292 975 2350 et
1004 2288 1163 2369 canonici,
1198 2289 1283 2352 sicut
1308 2288 1374 2351 iam

97 2393 238 2458 secundo
252 2391 462 2474 inhibuimus,
485 2394 582 2458 tertio
598 2413 727 2476 quoque
742 2392 935 2474 inhibemus,
959 2414 1000 2457 ne
1020 2394 1161 2476 aliquem
1184 2395 1217 2457 in
1240 2392 1374 2457 fratrem

97 2505 151 2565 aut
180 2500 373 2564 canonicum
405 2499 589 2582 aliquarum
620 2499 805 2564 litterarum
837 2499 972 2563 obtentu
1000 2501 1144 2583 recipere
1167 2502 1372 2584 presumatis,

97 2606 198 2672 donec
222 2605 388 2689 prebenda
414 2607 585 2672 memorati
608 2605 751 2691 H(ervei)
782 2606 932 2689 primitus
961 2607 1150 2689 integretur.
1206 2606 1373 2689 Alioquin,

97 2712 230 2796 siquid
261 2718 374 2778 contra
405 2713 500 2776 huius
532 2713 679 2777 mandati
705 2713 809 2778 nostri
835 2718 983 2778 tenorem
1013 2713 1110 2777 fuerit
1133 2718 1373 2796 attemptatum,

96 2843 152 2886 nos
177 2820 374 2884 auctoritate
397 2820 576 2902 apostolica
598 2820 727 2883 irritum
751 2819 953 2884 decernimus
977 2825 1010 2884 et
1031 2821 1138 2884 inane.

99 3089 173 3156 317.
210 3091 373 3150 numqua
395 3091 447 3150 III
464 3091 675 3167 archiepiscopo
694 3091 875 3150 Bituriceoei
892 3091 1023 3164 mandat,
1047 3097 1164 3149 moneat
1177 3091 1374 3166 parochianos

208 3197 361 3274 quosdam,
384 3205 417 3258 at
444 3199 594 3257 monadis
616 3198 850 3258 Bituriceaeibas
877 3197 1005 3256 abbiam
1031 3197 1174 3256 moram
1200 3197 1234 3256 de
1261 3197 1374 3274 Oroptc'a
1443 3235 1446 3243 ,

207 3304 335 3363 reddeat.

213 3404 284 3460 Bibl.
312 3411 369 3460 nat.
398 3404 483 3460 Paris.
510 3405 635 3461 Ohartul.
663 3403 776 3459 Bituric.
805 3421 856 3458 ms.
884 3404 932 3459 lat.
960 3421 1043 3460 nour.
1072 3421 1150 3474 aequ.
1180 3403 1257 3457 1274.

612 3511 633 3548 s.
652 3505 721 3546 xm.
740 3493 787 3547 fol.
807 3493 864 3547 20¹³.

186 3618 373 3684 Alexander
392 3619 561 3702 episcopus
580 3638 691 3682 servus
711 3639 876 3683 servorum
893 3617 956 3681 Dei
974 3615 1152 3681 venerabili
1171 3615 1266 3680 fratri
1283 3615 1374 3679 Bitu·
1412 3619 1497 3678 1180

101 3727 216 3792 ricensi
231 3725 685 3810 archiepiscop01salutemet
703 3723 915 3808 apostolicam
925 3722 1193 3788 benedictionem.
1224 3722 1377 3787 Pervenit
1393 3710 1455 3767 lan.
1467 3709 1517 3766 25·

102 3833 141 3896 ad
153 3854 213 3899 nos
229 3853 269 3896 ex
282 3833 514 3914 conquestione
529 3831 721 3896 dilectorum
734 3829 875 3895 filiorum
888 3835 1074 3894 nostrorum
1093 3829 1208 3893 decani
1227 3834 1260 3893 et
1282 3849 1376 3892 cano-

102 3940 245 4005 nicorum
268 3939 423 4004 ecclesiae
446 3923 537 4020 tuae,
571 3937 657 4021 quod
681 3936 814 4019 quidam
836 3937 911 4000 laici
933 3935 1124 4019 parochiani
1156 3936 1204 3998 tui
1227 3935 1266 3998 E.
1290 3934 1377 3998 vide-

103 4042 177 4109 licet
199 4043 396 4128 (lapacalida
419 4049 452 4109 et
474 4044 518 4109 M.
543 4044 583 4110 de
601 4043 682 4108 Luis
707 4042 864 4108 decimam
888 4042 927 4106 de
954 4040 1093 4124 Croptis,
1118 4062 1202 4124 quae
1226 4041 1267 4104 ad
1290 4041 1377 4125 ipsos

104 4152 251 4232 pertinet,
278 4151 312 4214 in
341 4172 419 4216 suae
448 4151 562 4215 salutis
586 4148 767 4234 periculum
790 4148 934 4213 detinere
963 4146 1171 4214 contendunt.
1219 4145 1379 4228 Quoniam

105 4257 199 4338 igitur
230 4279 294 4323 non
328 4256 426 4322 debes
457 4257 674 4341 inpatientia
702 4256 871 4336 sustinere,
900 4260 937 4319 ut
964 4254 1039 4319 laici
1072 4252 1213 4318 decimas
1236 4258 1378 4334 teneant,

106 4361 298 4430 fraternitati
329 4369 406 4429 tuae
438 4385 496 4447 per
524 4363 704 4446 apostolica
731 4363 853 4445 scripta
879 4359 1082 4440 mandamus,
1111 4359 1264 4442 quatinus
1287 4379 1378 4441 prae-

108 4467 206 4535 dictos
229 4470 330 4534 laicos
350 4469 494 4535 studiose
517 4489 649 4534 moneas
674 4473 707 4532 et
729 4467 878 4548 inducas,
902 4473 939 4530 ut
961 4466 1198 4550 praescriptam
1222 4464 1379 4529 decimam

193 4649 202 4679 ¹
221 4647 355 4703 Guarino.
