3296 5178
469 1759 993 1880 PRAEFATIO.
1065 1707 1073 1724 ’

183 2253 247 2350 Ex
265 2284 369 2348 tribus
389 2281 532 2348 fontibus
550 2281 744 2365 proveniunt
762 2281 919 2364 epistolae
937 2279 1125 2364 pontificum
1140 2279 1370 2363 Romanorum,

87 2430 177 2491 quae
202 2413 392 2490 sequuntur,
421 2407 576 2471 ineditae:
608 2406 747 2490 primum
771 2426 810 2469 ex
833 2405 999 2470 codicibus
1028 2405 1244 2471 bibliothecae
1267 2407 1371 2471 natio.

87 2533 175 2598 nalis
199 2533 380 2616 Parisinae,
404 2532 490 2596 unde
514 2552 580 2614 eas,
605 2552 689 2614 quae
713 2529 755 2595 ad
773 2530 944 2596 historiam
963 2552 1121 2614 paparum
1144 2531 1372 2596 illustrandam

85 2657 141 2722 vel
173 2657 216 2721 ad
249 2657 299 2720 ius
332 2657 522 2722 canonicum
555 2655 669 2719 melius
703 2656 959 2738 cognoscendum
975 2656 1189 2766 prodessent,
1223 2662 1281 2721 aut
1302 2657 1371 2740 ipse

88 2782 249 2865 descripsi
272 2787 330 2845 aut
353 2781 394 2846 ab
419 2781 492 2845 aliis
517 2779 747 2845 describendas
771 2781 880 2844 curavi
898 2786 1075 2864 posteaque
1095 2781 1230 2861 contuli3
1256 2781 1372 2846 deinde

87 2929 130 2971 ex
154 2905 373 2988 „Collectione
392 2906 615 2987 Britannica“,
639 2906 731 2970 cuius
745 2905 976 2989 'apographum
999 2907 1033 2969 in
1056 2906 1175 2971 scrinio
1198 2904 1371 2972 Societatis

86 3031 377 3095 Monumentorum
397 3029 592 3096 Germaniae
612 3036 807 3095 asservatur.
852 3030 902 3095 Ac
925 3030 1050 3114 siquid
1072 3033 1106 3094 in
1125 3030 1257 3095 edendis
1276 3029 1371 3095 huius

87 3155 291 3220 collectionis
315 3155 460 3239 epistolis
483 3154 589 3219 habeo
612 3139 746 3235 meriti,
760 3155 922 3220 attribuas
945 3156 1040 3220 velim
1064 3155 1103 3220 V.
1129 3154 1174 3219 Ol.
1199 3154 1371 3220 Edmundo

87 3281 215 3363 Bishop
239 3279 459 3345 Londoniensi
483 3285 516 3343 et
537 3279 641 3344 Paulo
665 3278 777 3343 Evald
801 3280 1018 3362 Berolinensi,
1048 3301 1185 3362 quorum
1208 3279 1262 3344 ille
1286 3279 1371 3344 codi-

88 3427 161 3469 cem
185 3405 219 3468 in
242 3405 355 3470 Museo
378 3405 567 3470 Britannico
594 3405 717 3469 invenit
745 3405 997 3489 descripsitque,
1030 3403 1083 3468 hic
1115 3426 1188 3469 eum
1217 3426 1256 3469 ex
1279 3410 1372 3487 parte

87 3529 214 3613 publici
237 3530 317 3594 iuris
344 3529 421 3593 fecit
448 3529 685 3612 uberrimisque
714 3531 800 3596 notis
829 3531 956 3595 ornavit
984 3531 1017 3592 in
1041 3528 1148 3593 Neues
1172 3529 1292 3594 Archiv
1316 3529 1373 3593 der

88 3653 311 3719 Gesellschaft
333 3654 354 3719 f.
380 3655 482 3720 altere
507 3655 660 3721 deutsche
680 3655 847 3720 (ieschl'.
866 3615 987 3736 175111.
1034 3653 1147 3736 Neque
1166 3651 1241 3718 ver'o
1261 3675 1372 3719 omnes

88 3780 121 3841 in
145 3778 233 3842 libro
257 3801 328 3845 meo
352 3781 495 3845 invenies
515 3781 714 3845 collectionis
733 3779 942 3844 Britannicae
966 3779 1131 3862 epistolas,
1151 3778 1209 3842 sed
1231 3785 1372 3844 tantum-

89 3903 188 3967 modo
213 3924 280 3985 eas,
304 3926 441 3986 quarum
458 3904 611 3969 Eualdus
635 3925 694 3968 nec
717 3905 749 3967 in
766 3904 871 3968 Neues
883 3903 1004 3968 Archiv
1027 3924 1087 3967 nec
1109 3903 1143 3966 in
1157 3902 1372 3985 Regestorum

89 4025 288 4091 Pontificum
319 4028 540 4095 Romanorum
573 4050 656 4093 nova
689 4028 830 4093 editione
862 4034 988 4093 textum
1020 4027 1172 4110 praebuit
1200 4028 1372 4110 integrum.
1437 4005 1449 4032 ⁹

88 4151 222 4216 Tertius
247 4152 386 4236 denique
409 4152 481 4218 fons
505 4158 556 4217 est
579 4152 680 4217 codex
703 4153 830 4235 collegii
849 4151 882 4217 S.
898 4153 1067 4216 Trinitatis
1084 4151 1371 4234 Cantabrigiensis,

88 4276 272 4340 Alexandri
295 4276 349 4340 ΠΙ
372 4278 500 4360 registri
524 4277 740 4360 fragmentum
765 4277 942 4342 continens.
989 4277 1039 4341 De
1069 4299 1132 4360 quo
1162 4276 1272 4341 codice
1295 4297 1373 4358 quo-

81 4402 179 4463 'niam
204 4401 237 4464 in
260 4401 367 4466 Neues
392 4401 512 4466 Archiv
535 4401 578 4466 X.
604 4405 667 4467 586
701 4401 804 4466 fusius
838 4401 991 4484 disserui,
1026 4403 1105 4466 satis
1136 4407 1188 4466 est
1213 4400 1274 4464 hoc
1302 4399 1373 4464 loco

89 4526 288 4608 meminisse,
314 4528 521 4609 septuaginta
544 4528 578 4591 in
601 4548 639 4592 eo
663 4527 770 4591 inesse
794 4527 948 4611 epistolas
973 4520 1109 4610 excepta
1136 4547 1202 4590 una
1221 4515 1373 4591 ¹nondum

89 4656 186 4714 notas
211 4650 295 4733 (vide
318 4650 403 4715 infra
426 4673 520 4735 pagg.
548 4655 621 4733 129,
649 4654 846 4737 vla-208).
