<?xml version="1.0" encoding="UTF-8"?>
<!DOCTYPE html PUBLIC "-//W3C//DTD XHTML 1.0 Transitional//EN"
    "http://www.w3.org/TR/xhtml1/DTD/xhtml1-transitional.dtd">
<html xmlns="http://www.w3.org/1999/xhtml" xml:lang="en" lang="en">
 <head>
  <title>
</title>
<meta http-equiv="Content-Type" content="text/html;charset=utf-8" />
  <meta name='ocr-system' content='tesseract 3.04.00' />
  <meta name='ocr-capabilities' content='ocr_page ocr_carea ocr_par ocr_line ocrx_word'/>
</head>
<body>
  <div class='ocr_page' id='page_1' title='image "./epistolaepontif02popegoog/epistolaepontif02popegoog_0157.png"; bbox 0 0 3336 5184; ppageno 0'>
   <div class='ocr_carea' id='block_1_1' title="bbox 302 310 1184 381">
    <p class='ocr_par' dir='ltr' id='par_1_1' title="bbox 302 310 1184 381">
     <span class='ocr_line' id='line_1_1' title="bbox 302 310 1184 381; baseline 0.01 -11"><span class='ocrx_word' id='word_1_1' title='bbox 302 310 365 370; x_wconf 80' lang='lat'><strong>140</strong></span> <span class='ocrx_word' id='word_1_2' title='bbox 688 326 877 380; x_wconf 73' lang='lat' dir='ltr'><strong>namnum</strong></span> <span class='ocrx_word' id='word_1_3' title='bbox 895 337 932 378; x_wconf 91' lang='lat'><strong>111</strong></span> <span class='ocrx_word' id='word_1_4' title='bbox 950 339 1114 380; x_wconf 72' lang='grc'><strong>00000000</strong></span> <span class='ocrx_word' id='word_1_5' title='bbox 1133 327 1184 381; x_wconf 85' lang='grc'><strong>251</strong></span> 
     </span>
    </p>
   </div>
   <div class='ocr_carea' id='block_1_2' title="bbox 126 477 1662 2800">
    <p class='ocr_par' dir='ltr' id='par_1_2' title="bbox 126 477 1578 566">
     <span class='ocr_line' id='line_1_2' title="bbox 126 477 1578 566; baseline 0.002 -17"><span class='ocrx_word' id='word_1_6' title='bbox 126 491 280 550; x_wconf 86' lang='grc'><strong>1168-69</strong></span> <span class='ocrx_word' id='word_1_7' title='bbox 299 482 384 548; x_wconf 87' lang='lat' dir='ltr'><strong>filius</strong></span> <span class='ocrx_word' id='word_1_8' title='bbox 407 489 518 548; x_wconf 89' lang='lat' dir='ltr'><strong>noster</strong></span> <span class='ocrx_word' id='word_1_9' title='bbox 536 477 793 566; x_wconf 88' lang='lat' dir='ltr'><strong>Latigniaoensis</strong></span> <span class='ocrx_word' id='word_1_10' title='bbox 818 484 940 549; x_wconf 88' lang='lat' dir='ltr'><strong>abbasl</strong></span> <span class='ocrx_word' id='word_1_11' title='bbox 962 486 1164 550; x_wconf 80' lang='lat' dir='ltr'><strong>transmissis</strong></span> <span class='ocrx_word' id='word_1_12' title='bbox 1188 485 1281 551; x_wconf 91' lang='lat' dir='ltr'><strong>nobis</strong></span> <span class='ocrx_word' id='word_1_13' title='bbox 1304 486 1421 551; x_wconf 88' lang='lat' dir='ltr'><strong>litteris</strong></span> <span class='ocrx_word' id='word_1_14' title='bbox 1444 487 1578 552; x_wconf 91' lang='lat' dir='ltr'><strong>intima·</strong></span> 
     </span>
    </p>

    <p class='ocr_par' dir='ltr' id='par_1_3' title="bbox 145 579 1662 2800">
     <span class='ocr_line' id='line_1_3' title="bbox 145 579 1578 675; baseline 0.002 -21"><span class='ocrx_word' id='word_1_15' title='bbox 145 579 257 654; x_wconf 66' lang='lat' dir='ltr'><strong>Aps-1·</strong></span> <span class='ocrx_word' id='word_1_16' title='bbox 298 591 354 672; x_wconf 90' lang='lat' dir='ltr'><strong>vit,</strong></span> <span class='ocrx_word' id='word_1_17' title='bbox 379 590 465 672; x_wconf 92' lang='lat' dir='ltr'><strong>quod</strong></span> <span class='ocrx_word' id='word_1_18' title='bbox 479 590 543 654; x_wconf 88' lang='lat' dir='ltr'><strong>Hu.</strong></span> <span class='ocrx_word' id='word_1_19' title='bbox 564 591 603 654; x_wconf 93' lang='lat' dir='ltr'><strong>de</strong></span> <span class='ocrx_word' id='word_1_20' title='bbox 613 589 860 674; x_wconf 86' lang='lat' dir='ltr'><strong>Valleogrinosa</strong></span> <span class='ocrx_word' id='word_1_21' title='bbox 883 593 913 655; x_wconf 89' lang='lat' dir='ltr'><strong>ei</strong></span> <span class='ocrx_word' id='word_1_22' title='bbox 936 591 1099 673; x_wconf 90' lang='lat' dir='ltr'><strong>quandam</strong></span> <span class='ocrx_word' id='word_1_23' title='bbox 1122 592 1233 656; x_wconf 92' lang='lat' dir='ltr'><strong>villam</strong></span> <span class='ocrx_word' id='word_1_24' title='bbox 1258 593 1438 675; x_wconf 87' lang='lat' dir='ltr'><strong>perturbat,</strong></span> <span class='ocrx_word' id='word_1_25' title='bbox 1463 593 1578 660; x_wconf 77' lang='lat' dir='ltr'><strong>Simon</strong></span> 
     </span>
     <span class='ocr_line' id='line_1_4' title="bbox 299 697 1578 779; baseline 0.002 -17"><span class='ocrx_word' id='word_1_26' title='bbox 299 719 375 762; x_wconf 92' lang='lat' dir='ltr'><strong>vero</strong></span> <span class='ocrx_word' id='word_1_27' title='bbox 398 697 491 762; x_wconf 87' lang='lat' dir='ltr'><strong>miles</strong></span> <span class='ocrx_word' id='word_1_28' title='bbox 515 697 722 762; x_wconf 91' lang='lat' dir='ltr'><strong>medietatem</strong></span> <span class='ocrx_word' id='word_1_29' title='bbox 745 697 943 779; x_wconf 73' lang='lat' dir='ltr'><strong>reddituum,</strong></span> <span class='ocrx_word' id='word_1_30' title='bbox 976 719 1074 779; x_wconf 93' lang='lat' dir='ltr'><strong>quam</strong></span> <span class='ocrx_word' id='word_1_31' title='bbox 1103 697 1200 762; x_wconf 89' lang='lat' dir='ltr'><strong>debet</strong></span> <span class='ocrx_word' id='word_1_32' title='bbox 1225 699 1345 763; x_wconf 91' lang='lat' dir='ltr'><strong>habere</strong></span> <span class='ocrx_word' id='word_1_33' title='bbox 1367 700 1401 763; x_wconf 91' lang='lat' dir='ltr'><strong>in</strong></span> <span class='ocrx_word' id='word_1_34' title='bbox 1425 700 1578 766; x_wconf 90' lang='lat' dir='ltr'><strong>domibus</strong></span> 
     </span>
     <span class='ocr_line' id='line_1_5' title="bbox 300 803 1579 872; baseline 0.002 -4"><span class='ocrx_word' id='word_1_35' title='bbox 300 805 366 868; x_wconf 90' lang='lat' dir='ltr'><strong>suis</strong></span> <span class='ocrx_word' id='word_1_36' title='bbox 390 805 423 868; x_wconf 92' lang='lat' dir='ltr'><strong>in</strong></span> <span class='ocrx_word' id='word_1_37' title='bbox 442 804 593 868; x_wconf 87' lang='lat' dir='ltr'><strong>nundinis</strong></span> <span class='ocrx_word' id='word_1_38' title='bbox 616 806 681 867; x_wconf 90' lang='lat' dir='ltr'><strong>iam</strong></span> <span class='ocrx_word' id='word_1_39' title='bbox 706 803 791 868; x_wconf 86' lang='lat' dir='ltr'><strong>dioto</strong></span> <span class='ocrx_word' id='word_1_40' title='bbox 815 803 927 868; x_wconf 92' lang='lat' dir='ltr'><strong>abbati</strong></span> <span class='ocrx_word' id='word_1_41' title='bbox 946 809 979 868; x_wconf 91' lang='lat' dir='ltr'><strong>et</strong></span> <span class='ocrx_word' id='word_1_42' title='bbox 1002 804 1137 868; x_wconf 87' lang='lat' dir='ltr'><strong>ecclesie</strong></span> <span class='ocrx_word' id='word_1_43' title='bbox 1159 804 1272 868; x_wconf 77' lang='lat' dir='ltr'><strong>illicite</strong></span> <span class='ocrx_word' id='word_1_44' title='bbox 1296 805 1487 871; x_wconf 81' lang='lat' dir='ltr'><strong>subtrahere</strong></span> <span class='ocrx_word' id='word_1_45' title='bbox 1509 829 1579 872; x_wconf 93' lang='lat' dir='ltr'><strong>non</strong></span> 
     </span>
     <span class='ocr_line' id='line_1_6' title="bbox 299 908 1577 993; baseline 0.002 -20"><span class='ocrx_word' id='word_1_46' title='bbox 299 917 437 974; x_wconf 87' lang='lat' dir='ltr'><strong>veretur.</strong></span> <span class='ocrx_word' id='word_1_47' title='bbox 483 908 568 991; x_wconf 84' lang='lat' dir='ltr'><strong>Quia</strong></span> <span class='ocrx_word' id='word_1_48' title='bbox 590 911 689 992; x_wconf 85' lang='lat' dir='ltr'><strong>igitur</strong></span> <span class='ocrx_word' id='word_1_49' title='bbox 711 910 745 972; x_wconf 90' lang='lat' dir='ltr'><strong>in</strong></span> <span class='ocrx_word' id='word_1_50' title='bbox 768 930 805 975; x_wconf 88' lang='lat' dir='ltr'><strong>eo</strong></span> <span class='ocrx_word' id='word_1_51' title='bbox 829 931 940 974; x_wconf 90' lang='lat' dir='ltr'><strong>sumus</strong></span> <span class='ocrx_word' id='word_1_52' title='bbox 963 908 1069 976; x_wconf 88' lang='lat' dir='ltr'><strong>officio</strong></span> <span class='ocrx_word' id='word_1_53' title='bbox 1088 911 1278 993; x_wconf 88' lang='lat' dir='ltr'><strong>providente</strong></span> <span class='ocrx_word' id='word_1_54' title='bbox 1292 911 1432 978; x_wconf 90' lang='lat' dir='ltr'><strong>Domino</strong></span> <span class='ocrx_word' id='word_1_55' title='bbox 1456 914 1577 978; x_wconf 90' lang='lat' dir='ltr'><strong>consti-</strong></span> 
     </span>
     <span class='ocr_line' id='line_1_7' title="bbox 299 1014 1576 1102; baseline 0.002 -22"><span class='ocrx_word' id='word_1_56' title='bbox 299 1018 372 1099; x_wconf 88' lang='lat' dir='ltr'><strong>tuti,</strong></span> <span class='ocrx_word' id='word_1_57' title='bbox 396 1023 433 1080; x_wconf 88' lang='lat' dir='ltr'><strong>ut</strong></span> <span class='ocrx_word' id='word_1_58' title='bbox 455 1017 555 1080; x_wconf 90' lang='lat' dir='ltr'><strong>sacris</strong></span> <span class='ocrx_word' id='word_1_59' title='bbox 579 1016 642 1080; x_wconf 92' lang='lat' dir='ltr'><strong>Dei</strong></span> <span class='ocrx_word' id='word_1_60' title='bbox 660 1016 804 1080; x_wconf 87' lang='lat' dir='ltr'><strong>ecclesiis</strong></span> <span class='ocrx_word' id='word_1_61' title='bbox 822 1014 894 1080; x_wconf 90' lang='lat' dir='ltr'><strong>iura</strong></span> <span class='ocrx_word' id='word_1_62' title='bbox 918 1038 977 1080; x_wconf 91' lang='lat' dir='ltr'><strong>sua</strong></span> <span class='ocrx_word' id='word_1_63' title='bbox 995 1016 1122 1081; x_wconf 90' lang='lat' dir='ltr'><strong>illibata</strong></span> <span class='ocrx_word' id='word_1_64' title='bbox 1141 1022 1174 1081; x_wconf 89' lang='lat' dir='ltr'><strong>et</strong></span> <span class='ocrx_word' id='word_1_65' title='bbox 1192 1018 1319 1100; x_wconf 88' lang='lat' dir='ltr'><strong>integra</strong></span> <span class='ocrx_word' id='word_1_66' title='bbox 1338 1039 1576 1102; x_wconf 84' lang='lat' dir='ltr'><strong>conservemus,</strong></span> 
     </span>
     <span class='ocr_line' id='line_1_8' title="bbox 300 1122 1577 1208; baseline 0.002 -21"><span class='ocrx_word' id='word_1_67' title='bbox 300 1123 497 1187; x_wconf 82' lang='lat' dir='ltr'><strong>fraternitati</strong></span> <span class='ocrx_word' id='word_1_68' title='bbox 521 1129 576 1186; x_wconf 91' lang='lat' dir='ltr'><strong>tue</strong></span> <span class='ocrx_word' id='word_1_69' title='bbox 599 1143 657 1205; x_wconf 91' lang='lat' dir='ltr'><strong>per</strong></span> <span class='ocrx_word' id='word_1_70' title='bbox 681 1122 860 1204; x_wconf 89' lang='lat' dir='ltr'><strong>apostolica</strong></span> <span class='ocrx_word' id='word_1_71' title='bbox 884 1123 1006 1205; x_wconf 89' lang='lat' dir='ltr'><strong>scripta</strong></span> <span class='ocrx_word' id='word_1_72' title='bbox 1029 1123 1232 1205; x_wconf 90' lang='lat' dir='ltr'><strong>mandamus,</strong></span> <span class='ocrx_word' id='word_1_73' title='bbox 1257 1125 1409 1207; x_wconf 88' lang='lat' dir='ltr'><strong>quatinus</strong></span> <span class='ocrx_word' id='word_1_74' title='bbox 1431 1125 1577 1208; x_wconf 90' lang='lat' dir='ltr'><strong>prefatos</strong></span> 
     </span>
     <span class='ocr_line' id='line_1_9' title="bbox 299 1228 1578 1312; baseline 0.002 -19"><span class='ocrx_word' id='word_1_75' title='bbox 299 1231 612 1294; x_wconf 85' lang='lat' dir='ltr'><strong>virosoommoneas</strong></span> <span class='ocrx_word' id='word_1_76' title='bbox 644 1234 677 1293; x_wconf 92' lang='lat' dir='ltr'><strong>et</strong></span> <span class='ocrx_word' id='word_1_77' title='bbox 700 1228 845 1292; x_wconf 89' lang='lat' dir='ltr'><strong>districte</strong></span> <span class='ocrx_word' id='word_1_78' title='bbox 869 1228 1057 1312; x_wconf 89' lang='lat' dir='ltr'><strong>compellas,</strong></span> <span class='ocrx_word' id='word_1_79' title='bbox 1091 1236 1128 1293; x_wconf 89' lang='grc'><strong>01</strong></span> <span class='ocrx_word' id='word_1_80' title='bbox 1157 1230 1270 1295; x_wconf 90' lang='lat' dir='ltr'><strong>abbati</strong></span> <span class='ocrx_word' id='word_1_81' title='bbox 1300 1236 1333 1295; x_wconf 91' lang='lat' dir='ltr'><strong>et</strong></span> <span class='ocrx_word' id='word_1_82' title='bbox 1360 1232 1494 1296; x_wconf 89' lang='lat' dir='ltr'><strong>ecclesie</strong></span> <span class='ocrx_word' id='word_1_83' title='bbox 1518 1253 1578 1296; x_wconf 92' lang='lat' dir='ltr'><strong>sue</strong></span> 
     </span>
     <span class='ocr_line' id='line_1_10' title="bbox 299 1334 1578 1421; baseline 0.002 -21"><span class='ocrx_word' id='word_1_84' title='bbox 299 1336 410 1400; x_wconf 91' lang='lat' dir='ltr'><strong>villam</strong></span> <span class='ocrx_word' id='word_1_85' title='bbox 441 1340 474 1398; x_wconf 91' lang='lat' dir='ltr'><strong>et</strong></span> <span class='ocrx_word' id='word_1_86' title='bbox 499 1334 646 1398; x_wconf 88' lang='lat' dir='ltr'><strong>redditus</strong></span> <span class='ocrx_word' id='word_1_87' title='bbox 679 1335 780 1399; x_wconf 88' lang='lat' dir='ltr'><strong>libere</strong></span> <span class='ocrx_word' id='word_1_88' title='bbox 813 1341 847 1399; x_wconf 91' lang='lat' dir='ltr'><strong>et</strong></span> <span class='ocrx_word' id='word_1_89' title='bbox 878 1336 985 1416; x_wconf 91' lang='lat' dir='ltr'><strong>quiete</strong></span> <span class='ocrx_word' id='word_1_90' title='bbox 1014 1335 1180 1399; x_wconf 90' lang='lat' dir='ltr'><strong>dimittant</strong></span> <span class='ocrx_word' id='word_1_91' title='bbox 1211 1342 1244 1400; x_wconf 91' lang='lat' dir='ltr'><strong>et</strong></span> <span class='ocrx_word' id='word_1_92' title='bbox 1273 1336 1396 1401; x_wconf 90' lang='lat' dir='ltr'><strong>nullam</strong></span> <span class='ocrx_word' id='word_1_93' title='bbox 1424 1338 1578 1421; x_wconf 84' lang='lat' dir='ltr'><strong>deinceps</strong></span> 
     </span>
     <span class='ocr_line' id='line_1_11' title="bbox 301 1441 1576 1526; baseline 0.002 -20"><span class='ocrx_word' id='word_1_94' title='bbox 301 1441 470 1525; x_wconf 82' lang='lat' dir='ltr'><strong>superbis</strong></span> <span class='ocrx_word' id='word_1_95' title='bbox 493 1441 676 1506; x_wconf 88' lang='lat' dir='ltr'><strong>molestiam</strong></span> <span class='ocrx_word' id='word_1_96' title='bbox 708 1442 758 1506; x_wconf 92' lang='lat' dir='ltr'><strong>vel</strong></span> <span class='ocrx_word' id='word_1_97' title='bbox 790 1463 965 1524; x_wconf 86' lang='lat' dir='ltr'><strong>gravamen</strong></span> <span class='ocrx_word' id='word_1_98' title='bbox 996 1441 1145 1524; x_wconf 88' lang='lat' dir='ltr'><strong>infligant</strong></span> <span class='ocrx_word' id='word_1_99' title='bbox 1176 1441 1227 1508; x_wconf 86' lang='lat' dir='ltr'><strong>val</strong></span> <span class='ocrx_word' id='word_1_100' title='bbox 1259 1443 1292 1506; x_wconf 91' lang='lat' dir='ltr'><strong>in</strong></span> <span class='ocrx_word' id='word_1_101' title='bbox 1319 1445 1484 1525; x_wconf 85' lang='lat' dir='ltr'><strong>presentia</strong></span> <span class='ocrx_word' id='word_1_102' title='bbox 1506 1451 1576 1526; x_wconf 89' lang='lat' dir='ltr'><strong>tua,</strong></span> 
     </span>
     <span class='ocr_line' id='line_1_12' title="bbox 300 1546 1578 1631; baseline 0.001 -19"><span class='ocrx_word' id='word_1_103' title='bbox 300 1549 377 1631; x_wconf 93' lang='lat' dir='ltr'><strong>quid</strong></span> <span class='ocrx_word' id='word_1_104' title='bbox 401 1549 480 1613; x_wconf 88' lang='lat' dir='ltr'><strong>iuris</strong></span> <span class='ocrx_word' id='word_1_105' title='bbox 505 1570 539 1613; x_wconf 91' lang='lat' dir='ltr'><strong>se</strong></span> <span class='ocrx_word' id='word_1_106' title='bbox 563 1548 596 1610; x_wconf 91' lang='lat' dir='ltr'><strong>in</strong></span> <span class='ocrx_word' id='word_1_107' title='bbox 618 1547 669 1612; x_wconf 87' lang='lat' dir='ltr'><strong>his</strong></span> <span class='ocrx_word' id='word_1_108' title='bbox 692 1548 813 1612; x_wconf 88' lang='lat' dir='ltr'><strong>habore</strong></span> <span class='ocrx_word' id='word_1_109' title='bbox 837 1546 1016 1629; x_wconf 83' lang='lat' dir='ltr'><strong>confidunt,</strong></span> <span class='ocrx_word' id='word_1_110' title='bbox 1044 1549 1175 1630; x_wconf 89' lang='lat' dir='ltr'><strong>plenam</strong></span> <span class='ocrx_word' id='word_1_111' title='bbox 1198 1550 1313 1614; x_wconf 85' lang='lat' dir='ltr'><strong>exinde</strong></span> <span class='ocrx_word' id='word_1_112' title='bbox 1335 1551 1498 1616; x_wconf 87' lang='lat' dir='ltr'><strong>iusticiam</strong></span> <span class='ocrx_word' id='word_1_113' title='bbox 1523 1573 1578 1616; x_wconf 87' lang='lat' dir='ltr'><strong>ex-</strong></span> 
     </span>
     <span class='ocr_line' id='line_1_13' title="bbox 300 1652 1578 1739; baseline 0.002 -20"><span class='ocrx_word' id='word_1_114' title='bbox 300 1655 442 1720; x_wconf 87' lang='lat' dir='ltr'><strong>hibeant.</strong></span> <span class='ocrx_word' id='word_1_115' title='bbox 489 1652 583 1735; x_wconf 84' lang='lat' dir='ltr'><strong>Quod</strong></span> <span class='ocrx_word' id='word_1_116' title='bbox 608 1655 635 1718; x_wconf 91' lang='lat' dir='ltr'><strong>si</strong></span> <span class='ocrx_word' id='word_1_117' title='bbox 662 1655 792 1719; x_wconf 90' lang='lat' dir='ltr'><strong>monitis</strong></span> <span class='ocrx_word' id='word_1_118' title='bbox 821 1655 886 1718; x_wconf 91' lang='lat' dir='ltr'><strong>tuis</strong></span> <span class='ocrx_word' id='word_1_119' title='bbox 911 1654 1135 1739; x_wconf 88' lang='lat' dir='ltr'><strong>obtemperare</strong></span> <span class='ocrx_word' id='word_1_120' title='bbox 1159 1655 1335 1737; x_wconf 88' lang='lat' dir='ltr'><strong>noluerint,</strong></span> <span class='ocrx_word' id='word_1_121' title='bbox 1369 1677 1423 1722; x_wconf 92' lang='lat' dir='ltr'><strong>eos</strong></span> <span class='ocrx_word' id='word_1_122' title='bbox 1451 1657 1578 1739; x_wconf 86' lang='lat' dir='ltr'><strong>absque</strong></span> 
     </span>
     <span class='ocr_line' id='line_1_14' title="bbox 300 1760 1578 1845; baseline 0 -18"><span class='ocrx_word' id='word_1_123' title='bbox 300 1761 532 1845; x_wconf 88' lang='lat' dir='ltr'><strong>appellacionis</strong></span> <span class='ocrx_word' id='word_1_124' title='bbox 551 1760 694 1825; x_wconf 90' lang='lat' dir='ltr'><strong>remedio</strong></span> <span class='ocrx_word' id='word_1_125' title='bbox 714 1761 935 1825; x_wconf 87' lang='lat' dir='ltr'><strong>ecclesiastica</strong></span> <span class='ocrx_word' id='word_1_126' title='bbox 953 1783 1090 1826; x_wconf 90' lang='lat' dir='ltr'><strong>censura</strong></span> <span class='ocrx_word' id='word_1_127' title='bbox 1108 1762 1275 1844; x_wconf 80' lang='lat' dir='ltr'><strong>percellas</strong></span> <span class='ocrx_word' id='word_1_128' title='bbox 1308 1763 1463 1827; x_wconf 90' lang='lat' dir='ltr'><strong>Preterea</strong></span> <span class='ocrx_word' id='word_1_129' title='bbox 1481 1763 1578 1828; x_wconf 88' lang='lat' dir='ltr'><strong>nobis</strong></span> 
     </span>
     <span class='ocr_line' id='line_1_15' title="bbox 301 1855 1580 1951; baseline 0 -19"><span class='ocrx_word' id='word_1_130' title='bbox 301 1869 500 1932; x_wconf 90' lang='lat' dir='ltr'><strong>insinuatum</strong></span> <span class='ocrx_word' id='word_1_131' title='bbox 524 1873 583 1949; x_wconf 88' lang='lat' dir='ltr'><strong>est,</strong></span> <span class='ocrx_word' id='word_1_132' title='bbox 608 1867 694 1950; x_wconf 90' lang='lat' dir='ltr'><strong>quod</strong></span> <span class='ocrx_word' id='word_1_133' title='bbox 709 1867 801 1932; x_wconf 91' lang='lat' dir='ltr'><strong>Disol</strong></span> <span class='ocrx_word' id='word_1_134' title='bbox 825 1866 917 1932; x_wconf 89' lang='lat' dir='ltr'><strong>miles</strong></span> <span class='ocrx_word' id='word_1_135' title='bbox 932 1867 1070 1932; x_wconf 87' lang='lat' dir='ltr'><strong>Iohanni</strong></span> <span class='ocrx_word' id='word_1_136' title='bbox 1094 1868 1133 1932; x_wconf 91' lang='lat' dir='ltr'><strong>de</strong></span> <span class='ocrx_word' id='word_1_137' title='bbox 1148 1868 1316 1934; x_wconf 89' lang='lat' dir='ltr'><strong>Bambicio</strong></span> <span class='ocrx_word' id='word_1_138' title='bbox 1339 1855 1453 1932; x_wconf 88' lang='lat' dir='ltr'><strong>nemus</strong></span> <span class='ocrx_word' id='word_1_139' title='bbox 1477 1869 1580 1951; x_wconf 91' lang='lat' dir='ltr'><strong>quod-</strong></span> 
     </span>
     <span class='ocr_line' id='line_1_16' title="bbox 303 1974 1582 2058; baseline 0.002 -20"><span class='ocrx_word' id='word_1_140' title='bbox 303 1975 386 2056; x_wconf 85' lang='lat' dir='ltr'><strong>dam,</strong></span> <span class='ocrx_word' id='word_1_141' title='bbox 412 1975 498 2056; x_wconf 94' lang='lat' dir='ltr'><strong>quod</strong></span> <span class='ocrx_word' id='word_1_142' title='bbox 522 1974 582 2038; x_wconf 60' lang='grc' dir='ltr'><strong>011Β</strong></span> <span class='ocrx_word' id='word_1_143' title='bbox 605 1995 736 2039; x_wconf 89' lang='lat' dir='ltr'><strong>censum</strong></span> <span class='ocrx_word' id='word_1_144' title='bbox 760 1975 902 2056; x_wconf 91' lang='lat' dir='ltr'><strong>quinque</strong></span> <span class='ocrx_word' id='word_1_145' title='bbox 926 1974 1102 2039; x_wconf 90' lang='lat' dir='ltr'><strong>solidorum</strong></span> <span class='ocrx_word' id='word_1_146' title='bbox 1125 1975 1166 2038; x_wconf 90' lang='lat' dir='ltr'><strong>ab</strong></span> <span class='ocrx_word' id='word_1_147' title='bbox 1186 1975 1323 2039; x_wconf 87' lang='grc'><strong>00010010</strong></span> <span class='ocrx_word' id='word_1_148' title='bbox 1338 1974 1582 2058; x_wconf 85' lang='lat' dir='ltr'><strong>Latigniacensi</strong></span> 
     </span>
     <span class='ocr_line' id='line_1_17' title="bbox 301 2080 1581 2163; baseline 0.001 -18"><span class='ocrx_word' id='word_1_149' title='bbox 301 2082 443 2163; x_wconf 88' lang='lat' dir='ltr'><strong>tenebat,</strong></span> <span class='ocrx_word' id='word_1_150' title='bbox 467 2080 740 2146; x_wconf 86' lang='lat' dir='ltr'><strong>irracionabiliter</strong></span> <span class='ocrx_word' id='word_1_151' title='bbox 763 2080 899 2144; x_wconf 90' lang='lat' dir='ltr'><strong>abstulit</strong></span> <span class='ocrx_word' id='word_1_152' title='bbox 927 2087 959 2144; x_wconf 90' lang='lat' dir='ltr'><strong>et</strong></span> <span class='ocrx_word' id='word_1_153' title='bbox 987 2081 1155 2144; x_wconf 88' lang='lat' dir='ltr'><strong>ecclesiam</strong></span> <span class='ocrx_word' id='word_1_154' title='bbox 1179 2080 1439 2146; x_wconf 86' lang='lat' dir='ltr'><strong>Latiniaoensem</strong></span> <span class='ocrx_word' id='word_1_155' title='bbox 1469 2081 1581 2146; x_wconf 89' lang='lat' dir='ltr'><strong>debito</strong></span> 
     </span>
     <span class='ocr_line' id='line_1_18' title="bbox 301 2186 1581 2268; baseline -0.001 -16"><span class='ocrx_word' id='word_1_156' title='bbox 301 2209 399 2253; x_wconf 89' lang='lat' dir='ltr'><strong>censu</strong></span> <span class='ocrx_word' id='word_1_157' title='bbox 422 2187 595 2251; x_wconf 79' lang='lat' dir='ltr'><strong>fraudavit.</strong></span> <span class='ocrx_word' id='word_1_158' title='bbox 632 2186 775 2268; x_wconf 77' lang='lat' dir='ltr'><strong>ideoque</strong></span> <span class='ocrx_word' id='word_1_159' title='bbox 799 2187 986 2252; x_wconf 91' lang='lat' dir='ltr'><strong>discretioni</strong></span> <span class='ocrx_word' id='word_1_160' title='bbox 1009 2193 1064 2250; x_wconf 90' lang='lat' dir='ltr'><strong>tue</strong></span> <span class='ocrx_word' id='word_1_161' title='bbox 1087 2190 1290 2268; x_wconf 90' lang='lat' dir='ltr'><strong>presencium</strong></span> <span class='ocrx_word' id='word_1_162' title='bbox 1314 2189 1507 2253; x_wconf 90' lang='lat' dir='ltr'><strong>auctoritate</strong></span> <span class='ocrx_word' id='word_1_163' title='bbox 1531 2189 1581 2251; x_wconf 92' lang='lat' dir='ltr'><strong>in·</strong></span> 
     </span>
     <span class='ocr_line' id='line_1_19' title="bbox 296 2291 1581 2378; baseline -0.001 -19"><span class='ocrx_word' id='word_1_164' title='bbox 296 2294 491 2378; x_wconf 74' lang='lat' dir='ltr'><strong>jungimnsb,</strong></span> <span class='ocrx_word' id='word_1_165' title='bbox 515 2300 552 2357; x_wconf 94' lang='lat' dir='ltr'><strong>ut</strong></span> <span class='ocrx_word' id='word_1_166' title='bbox 573 2293 755 2376; x_wconf 88' lang='lat' dir='ltr'><strong>predictum</strong></span> <span class='ocrx_word' id='word_1_167' title='bbox 778 2293 931 2357; x_wconf 70' lang='grc' dir='ltr'><strong>00111001ο</strong></span> <span class='ocrx_word' id='word_1_168' title='bbox 959 2293 1001 2357; x_wconf 83' lang='grc'><strong>01</strong></span> <span class='ocrx_word' id='word_1_169' title='bbox 1024 2314 1136 2357; x_wconf 88' lang='lat' dir='ltr'><strong>nemus</strong></span> <span class='ocrx_word' id='word_1_170' title='bbox 1160 2291 1418 2376; x_wconf 84' lang='lat' dir='ltr'><strong>Latigniaoensis</strong></span> <span class='ocrx_word' id='word_1_171' title='bbox 1443 2293 1581 2359; x_wconf 87' lang='lat' dir='ltr'><strong>ecclesie</strong></span> 
     </span>
     <span class='ocr_line' id='line_1_20' title="bbox 299 2398 1581 2485; baseline -0.002 -21"><span class='ocrx_word' id='word_1_172' title='bbox 299 2401 426 2485; x_wconf 86' lang='lat' dir='ltr'><strong>prefato</strong></span> <span class='ocrx_word' id='word_1_173' title='bbox 449 2400 587 2465; x_wconf 89' lang='lat' dir='ltr'><strong>Iohanni</strong></span> <span class='ocrx_word' id='word_1_174' title='bbox 610 2398 810 2464; x_wconf 88' lang='lat' dir='ltr'><strong>reddendum</strong></span> <span class='ocrx_word' id='word_1_175' title='bbox 838 2400 888 2464; x_wconf 93' lang='lat' dir='ltr'><strong>vel</strong></span> <span class='ocrx_word' id='word_1_176' title='bbox 916 2400 957 2464; x_wconf 93' lang='lat' dir='ltr'><strong>ad</strong></span> <span class='ocrx_word' id='word_1_177' title='bbox 986 2400 1149 2463; x_wconf 88' lang='lat' dir='ltr'><strong>iusticiam</strong></span> <span class='ocrx_word' id='word_1_178' title='bbox 1177 2398 1391 2466; x_wconf 84' lang='lat' dir='ltr'><strong>exhibendam</strong></span> <span class='ocrx_word' id='word_1_179' title='bbox 1418 2401 1581 2464; x_wconf 88' lang='lat' dir='ltr'><strong>instanter</strong></span> 
     </span>
     <span class='ocr_line' id='line_1_21' title="bbox 300 2504 1579 2589; baseline -0.003 -17"><span class='ocrx_word' id='word_1_180' title='bbox 300 2528 431 2572; x_wconf 90' lang='lat' dir='ltr'><strong>moneas</strong></span> <span class='ocrx_word' id='word_1_181' title='bbox 462 2512 495 2570; x_wconf 88' lang='grc'><strong>01</strong></span> <span class='ocrx_word' id='word_1_182' title='bbox 522 2506 610 2570; x_wconf 91' lang='lat' dir='ltr'><strong>omni</strong></span> <span class='ocrx_word' id='word_1_183' title='bbox 637 2505 857 2570; x_wconf 80' lang='lat' dir='ltr'><strong>districtioned</strong></span> <span class='ocrx_word' id='word_1_184' title='bbox 885 2506 1069 2589; x_wconf 86' lang='lat' dir='ltr'><strong>compellas.</strong></span> <span class='ocrx_word' id='word_1_185' title='bbox 1117 2504 1272 2588; x_wconf 88' lang='lat' dir='ltr'><strong>Alioquin</strong></span> <span class='ocrx_word' id='word_1_186' title='bbox 1296 2507 1323 2570; x_wconf 92' lang='lat' dir='ltr'><strong>si</strong></span> <span class='ocrx_word' id='word_1_187' title='bbox 1346 2512 1497 2570; x_wconf 89' lang='lat' dir='ltr'><strong>neutrum</strong></span> <span class='ocrx_word' id='word_1_188' title='bbox 1522 2505 1579 2569; x_wconf 92' lang='lat' dir='ltr'><strong>ad-</strong></span> 
     </span>
     <span class='ocr_line' id='line_1_22' title="bbox 300 2611 1662 2702; baseline -0.001 -25"><span class='ocrx_word' id='word_1_189' title='bbox 300 2613 434 2696; x_wconf 88' lang='lat' dir='ltr'><strong>implere</strong></span> <span class='ocrx_word' id='word_1_190' title='bbox 457 2612 623 2693; x_wconf 57' lang='grc'><strong>00100011,</strong></span> <span class='ocrx_word' id='word_1_191' title='bbox 648 2633 721 2676; x_wconf 92' lang='lat' dir='ltr'><strong>eum</strong></span> <span class='ocrx_word' id='word_1_192' title='bbox 744 2616 868 2676; x_wconf 88' lang='lat' dir='ltr'><strong>remoto</strong></span> <span class='ocrx_word' id='word_1_193' title='bbox 893 2612 1120 2702; x_wconf 84' lang='lat' dir='ltr'><strong>appellationis</strong></span> <span class='ocrx_word' id='word_1_194' title='bbox 1143 2611 1285 2676; x_wconf 90' lang='lat' dir='ltr'><strong>remedio</strong></span> <span class='ocrx_word' id='word_1_195' title='bbox 1304 2612 1431 2678; x_wconf 89' lang='lat' dir='ltr'><strong>vinculo</strong></span> <span class='ocrx_word' id='word_1_196' title='bbox 1451 2633 1579 2676; x_wconf 84' lang='lat' dir='ltr'><strong>excom·</strong></span> <span class='ocrx_word' id='word_1_197' title='bbox 1659 2673 1662 2688; x_wconf 82' lang='grc'>,</span> 
     </span>
     <span class='ocr_line' id='line_1_23' title="bbox 299 2716 1351 2800; baseline -0.002 -16"><span class='ocrx_word' id='word_1_198' title='bbox 299 2719 527 2784; x_wconf 90' lang='lat' dir='ltr'><strong>munioationis</strong></span> <span class='ocrx_word' id='word_1_199' title='bbox 552 2718 723 2800; x_wconf 86' lang='lat' dir='ltr'><strong>astringas.</strong></span> <span class='ocrx_word' id='word_1_200' title='bbox 771 2717 894 2781; x_wconf 90' lang='lat' dir='ltr'><strong>Datum</strong></span> <span class='ocrx_word' id='word_1_201' title='bbox 917 2718 1095 2782; x_wconf 90' lang='lat' dir='ltr'><strong>Beneventi</strong></span> <span class='ocrx_word' id='word_1_202' title='bbox 1117 2716 1192 2781; x_wconf 92' lang='lat' dir='ltr'><strong>Kal.</strong></span> <span class='ocrx_word' id='word_1_203' title='bbox 1218 2717 1351 2800; x_wconf 83' lang='lat' dir='ltr'><strong>Aprilis.</strong></span> 
     </span>
    </p>
   </div>
   <div class='ocr_carea' id='block_1_3' title="bbox 300 3011 1662 3206">
    <p class='ocr_par' dir='ltr' id='par_1_4' title="bbox 300 3011 1662 3206">
     <span class='ocr_line' id='line_1_24' title="bbox 300 3011 1662 3118; baseline -0.004 -29"><span class='ocrx_word' id='word_1_204' title='bbox 300 3023 379 3088; x_wconf 85' lang='lat'>251.</span> <span class='ocrx_word' id='word_1_205' title='bbox 408 3024 571 3083; x_wconf 66' lang='lat' dir='ltr'><strong>Abaandcr</strong></span> <span class='ocrx_word' id='word_1_206' title='bbox 593 3023 645 3081; x_wconf 91' lang='grc' dir='ltr'><strong>ΙΙΙ</strong></span> <span class='ocrx_word' id='word_1_207' title='bbox 666 3025 840 3083; x_wconf 74' lang='lat' dir='ltr'><strong>monasterti</strong></span> <span class='ocrx_word' id='word_1_208' title='bbox 871 3023 1132 3098; x_wconf 77' lang='lat' dir='ltr'><strong>Quodropiatecsis</strong></span> <span class='ocrx_word' id='word_1_209' title='bbox 1163 3042 1182 3081; x_wconf 88' lang='grc'><strong>0</strong></span> <span class='ocrx_word' id='word_1_210' title='bbox 1211 3023 1336 3082; x_wconf 76' lang='lat' dir='ltr'><strong>deseratis</strong></span> <span class='ocrx_word' id='word_1_211' title='bbox 1359 3031 1384 3084; x_wconf 84' lang='lat' dir='ltr'><strong>et</strong></span> <span class='ocrx_word' id='word_1_212' title='bbox 1411 3025 1577 3118; x_wconf 71' lang='grc'><strong>100100110-</strong></span> <span class='ocrx_word' id='word_1_213' title='bbox 1661 3011 1662 3020; x_wconf 36' lang='grc'><strong>“</strong></span> 
     </span>
     <span class='ocr_line' id='line_1_25' title="bbox 409 3129 1534 3206; baseline 0.001 -17"><span class='ocrx_word' id='word_1_214' title='bbox 409 3131 697 3190; x_wconf 72' lang='grc' dir='ltr'><strong>0110000100εοίο</strong></span> <span class='ocrx_word' id='word_1_215' title='bbox 719 3131 813 3189; x_wconf 79' lang='lat' dir='ltr'><strong>attriti</strong></span> <span class='ocrx_word' id='word_1_216' title='bbox 828 3131 1030 3206; x_wconf 77' lang='lat' dir='ltr'><strong>possessiones</strong></span> <span class='ocrx_word' id='word_1_217' title='bbox 1053 3130 1176 3206; x_wconf 81' lang='lat' dir='ltr'><strong>quolibet</strong></span> <span class='ocrx_word' id='word_1_218' title='bbox 1199 3130 1283 3188; x_wconf 80' lang='lat' dir='ltr'><strong>titulo</strong></span> <span class='ocrx_word' id='word_1_219' title='bbox 1306 3129 1432 3189; x_wconf 70' lang='grc'><strong>01100011</strong></span> <span class='ocrx_word' id='word_1_220' title='bbox 1452 3137 1534 3190; x_wconf 84' lang='grc'><strong>00101.</strong></span> 
     </span>
    </p>
   </div>
   <div class='ocr_carea' id='block_1_4' title="bbox 506 3248 1362 3319">
    <p class='ocr_par' dir='ltr' id='par_1_5' title="bbox 506 3248 1362 3319">
     <span class='ocr_line' id='line_1_26' title="bbox 506 3248 1362 3319; baseline -0.002 -15"><span class='ocrx_word' id='word_1_221' title='bbox 506 3249 578 3304; x_wconf 91' lang='lat' dir='ltr'><strong>Bibl.</strong></span> <span class='ocrx_word' id='word_1_222' title='bbox 597 3255 655 3304; x_wconf 85' lang='lat' dir='ltr'><strong>nat.</strong></span> <span class='ocrx_word' id='word_1_223' title='bbox 674 3249 760 3302; x_wconf 88' lang='lat' dir='ltr'><strong>Paris.</strong></span> <span class='ocrx_word' id='word_1_224' title='bbox 780 3248 850 3304; x_wconf 83' lang='lat' dir='ltr'><strong>Ooll.</strong></span> <span class='ocrx_word' id='word_1_225' title='bbox 869 3249 945 3303; x_wconf 89' lang='grc' dir='ltr'><strong>1)οο1</strong></span> <span class='ocrx_word' id='word_1_226' title='bbox 963 3248 1063 3304; x_wconf 83' lang='lat' dir='ltr'>58f01.</span> <span class='ocrx_word' id='word_1_227' title='bbox 1084 3249 1143 3303; x_wconf 82' lang='lat'>134.</span> <span class='ocrx_word' id='word_1_228' title='bbox 1161 3265 1221 3319; x_wconf 88' lang='lat' dir='ltr'><strong>cop.</strong></span> <span class='ocrx_word' id='word_1_229' title='bbox 1240 3265 1265 3302; x_wconf 81' lang='lat' dir='ltr'><strong>a</strong></span> <span class='ocrx_word' id='word_1_230' title='bbox 1285 3249 1362 3304; x_wconf 87' lang='grc'><strong>1668.</strong></span> 
     </span>
    </p>
   </div>
   <div class='ocr_carea' id='block_1_5' title="bbox 5 3393 1661 3705">
    <p class='ocr_par' dir='ltr' id='par_1_6' title="bbox 5 3393 1661 3705">
     <span class='ocr_line' id='line_1_27' title="bbox 127 3393 1661 3494; baseline 0.001 -22"><span class='ocrx_word' id='word_1_231' title='bbox 127 3421 280 3482; x_wconf 86' lang='grc'><strong>1168-69</strong></span> <span class='ocrx_word' id='word_1_232' title='bbox 388 3410 572 3474; x_wconf 83' lang='lat' dir='ltr'><strong>Alexander</strong></span> <span class='ocrx_word' id='word_1_233' title='bbox 595 3411 765 3491; x_wconf 88' lang='lat' dir='ltr'><strong>episcopus</strong></span> <span class='ocrx_word' id='word_1_234' title='bbox 789 3430 899 3473; x_wconf 88' lang='lat' dir='ltr'><strong>servus</strong></span> <span class='ocrx_word' id='word_1_235' title='bbox 923 3429 1087 3473; x_wconf 91' lang='lat' dir='ltr'><strong>servorum</strong></span> <span class='ocrx_word' id='word_1_236' title='bbox 1110 3407 1173 3472; x_wconf 89' lang='lat' dir='ltr'><strong>Dei</strong></span> <span class='ocrx_word' id='word_1_237' title='bbox 1197 3408 1323 3473; x_wconf 89' lang='lat' dir='ltr'><strong>dilectis</strong></span> <span class='ocrx_word' id='word_1_238' title='bbox 1347 3407 1422 3472; x_wconf 91' lang='lat' dir='ltr'><strong>filiis</strong></span> <span class='ocrx_word' id='word_1_239' title='bbox 1452 3408 1575 3494; x_wconf 71' lang='lat' dir='ltr'><strong>Pletro)</strong></span> <span class='ocrx_word' id='word_1_240' title='bbox 1660 3393 1661 3418; x_wconf 49' lang='lat'>¹</span> 
     </span>
     <span class='ocr_line' id='line_1_28' title="bbox 5 3511 1574 3597; baseline -0.004 -13"><span class='ocrx_word' id='word_1_241' title='bbox 5 3523 6 3558; x_wconf 64' lang='lat' dir='ltr'><strong>l</strong></span> <span class='ocrx_word' id='word_1_242' title='bbox 144 3511 217 3585; x_wconf 73' lang='lat' dir='ltr'><strong>Apr·</strong></span> <span class='ocrx_word' id='word_1_243' title='bbox 230 3513 258 3570; x_wconf 86' lang='lat'><strong>5·</strong></span> <span class='ocrx_word' id='word_1_244' title='bbox 300 3516 411 3581; x_wconf 89' lang='lat' dir='ltr'><strong>abbati</strong></span> <span class='ocrx_word' id='word_1_245' title='bbox 435 3522 468 3581; x_wconf 92' lang='lat' dir='ltr'><strong>et</strong></span> <span class='ocrx_word' id='word_1_246' title='bbox 494 3515 649 3580; x_wconf 84' lang='lat' dir='ltr'><strong>fratribus</strong></span> <span class='ocrx_word' id='word_1_247' title='bbox 673 3515 862 3580; x_wconf 88' lang='lat' dir='ltr'><strong>monasterii</strong></span> <span class='ocrx_word' id='word_1_248' title='bbox 886 3516 1016 3578; x_wconf 89' lang='lat' dir='ltr'><strong>sanctae</strong></span> <span class='ocrx_word' id='word_1_249' title='bbox 1035 3515 1159 3580; x_wconf 88' lang='lat' dir='ltr'><strong>Mariae</strong></span> <span class='ocrx_word' id='word_1_250' title='bbox 1184 3516 1222 3579; x_wconf 92' lang='lat' dir='ltr'><strong>de</strong></span> <span class='ocrx_word' id='word_1_251' title='bbox 1242 3514 1411 3597; x_wconf 80' lang='lat' dir='ltr'><strong>Quaranta</strong></span> <span class='ocrx_word' id='word_1_252' title='bbox 1435 3515 1574 3579; x_wconf 90' lang='lat' dir='ltr'><strong>salutem</strong></span> 
     </span>
     <span class='ocr_line' id='line_1_29' title="bbox 300 3618 1574 3705; baseline -0.001 -19"><span class='ocrx_word' id='word_1_253' title='bbox 300 3627 333 3686; x_wconf 90' lang='lat' dir='ltr'><strong>et</strong></span> <span class='ocrx_word' id='word_1_254' title='bbox 355 3623 566 3705; x_wconf 90' lang='lat' dir='ltr'><strong>apostolicam</strong></span> <span class='ocrx_word' id='word_1_255' title='bbox 584 3621 851 3686; x_wconf 88' lang='lat' dir='ltr'><strong>benedictionem.</strong></span> <span class='ocrx_word' id='word_1_256' title='bbox 890 3618 975 3685; x_wconf 84' lang='lat' dir='ltr'><strong>Cura</strong></span> <span class='ocrx_word' id='word_1_257' title='bbox 994 3627 1027 3684; x_wconf 87' lang='lat' dir='ltr'><strong>et</strong></span> <span class='ocrx_word' id='word_1_258' title='bbox 1050 3621 1233 3687; x_wconf 90' lang='lat' dir='ltr'><strong>sollicitudo</strong></span> <span class='ocrx_word' id='word_1_259' title='bbox 1256 3621 1448 3686; x_wconf 90' lang='lat' dir='ltr'><strong>universalis</strong></span> <span class='ocrx_word' id='word_1_260' title='bbox 1472 3621 1574 3685; x_wconf 89' lang='lat' dir='ltr'><strong>eccle-</strong></span> 
     </span>
    </p>
   </div>
   <div class='ocr_carea' id='block_1_6' title="bbox 298 3727 1660 4446">
    <p class='ocr_par' dir='ltr' id='par_1_7' title="bbox 298 3727 1660 4446">
     <span class='ocr_line' id='line_1_30' title="bbox 300 3727 1660 3810; baseline -0.001 -18"><span class='ocrx_word' id='word_1_261' title='bbox 300 3729 376 3810; x_wconf 88' lang='lat' dir='ltr'><strong>siae,</strong></span> <span class='ocrx_word' id='word_1_262' title='bbox 410 3751 508 3810; x_wconf 92' lang='lat' dir='ltr'><strong>quam</strong></span> <span class='ocrx_word' id='word_1_263' title='bbox 538 3728 729 3810; x_wconf 86' lang='lat' dir='ltr'><strong>disponente</strong></span> <span class='ocrx_word' id='word_1_264' title='bbox 752 3727 891 3792; x_wconf 88' lang='lat' dir='ltr'><strong>Domino</strong></span> <span class='ocrx_word' id='word_1_265' title='bbox 919 3727 1074 3808; x_wconf 84' lang='lat' dir='ltr'><strong>gerimus,</strong></span> <span class='ocrx_word' id='word_1_266' title='bbox 1108 3749 1166 3792; x_wconf 90' lang='lat' dir='ltr'><strong>nos</strong></span> <span class='ocrx_word' id='word_1_267' title='bbox 1199 3728 1352 3793; x_wconf 88' lang='lat' dir='ltr'><strong>admonet</strong></span> <span class='ocrx_word' id='word_1_268' title='bbox 1381 3728 1574 3810; x_wconf 89' lang='lat' dir='ltr'><strong>propensius</strong></span> <span class='ocrx_word' id='word_1_269' title='bbox 1659 3765 1660 3800; x_wconf 57' lang='lat'>1</span> 
     </span>
     <span class='ocr_line' id='line_1_31' title="bbox 300 3821 1660 3918; baseline -0.002 -19"><span class='ocrx_word' id='word_1_270' title='bbox 300 3840 332 3899; x_wconf 91' lang='lat' dir='ltr'><strong>et</strong></span> <span class='ocrx_word' id='word_1_271' title='bbox 354 3836 503 3900; x_wconf 86' lang='lat' dir='ltr'><strong>hortatur</strong></span> <span class='ocrx_word' id='word_1_272' title='bbox 530 3836 603 3918; x_wconf 89' lang='lat' dir='ltr'><strong>paci</strong></span> <span class='ocrx_word' id='word_1_273' title='bbox 627 3840 659 3899; x_wconf 92' lang='lat' dir='ltr'><strong>et</strong></span> <span class='ocrx_word' id='word_1_274' title='bbox 686 3833 820 3898; x_wconf 89' lang='lat' dir='ltr'><strong>utilitati</strong></span> <span class='ocrx_word' id='word_1_275' title='bbox 848 3833 1056 3898; x_wconf 88' lang='lat' dir='ltr'><strong>ecclesiarum</strong></span> <span class='ocrx_word' id='word_1_276' title='bbox 1089 3833 1236 3916; x_wconf 85' lang='lat' dir='ltr'><strong>diligenti</strong></span> <span class='ocrx_word' id='word_1_277' title='bbox 1268 3833 1375 3899; x_wconf 91' lang='lat' dir='ltr'><strong>studio</strong></span> <span class='ocrx_word' id='word_1_278' title='bbox 1406 3833 1574 3897; x_wconf 89' lang='lat' dir='ltr'><strong>intendere</strong></span> <span class='ocrx_word' id='word_1_279' title='bbox 1659 3821 1660 3840; x_wconf 29' lang='lat' dir='ltr'><strong>i</strong></span> 
     </span>
     <span class='ocr_line' id='line_1_32' title="bbox 299 3938 1574 4023; baseline -0.001 -18"><span class='ocrx_word' id='word_1_280' title='bbox 299 3948 332 4006; x_wconf 90' lang='grc'><strong>01</strong></span> <span class='ocrx_word' id='word_1_281' title='bbox 364 3963 474 4006; x_wconf 89' lang='lat' dir='ltr'><strong>earum</strong></span> <span class='ocrx_word' id='word_1_282' title='bbox 506 3940 712 4005; x_wconf 86' lang='lat' dir='ltr'><strong>indemnitati</strong></span> <span class='ocrx_word' id='word_1_283' title='bbox 747 3940 949 4022; x_wconf 89' lang='lat' dir='ltr'><strong>propensiori</strong></span> <span class='ocrx_word' id='word_1_284' title='bbox 984 3939 1151 4022; x_wconf 88' lang='lat' dir='ltr'><strong>diligentia</strong></span> <span class='ocrx_word' id='word_1_285' title='bbox 1181 3941 1361 4023; x_wconf 90' lang='lat' dir='ltr'><strong>providere.</strong></span> <span class='ocrx_word' id='word_1_286' title='bbox 1408 3938 1492 4021; x_wconf 84' lang='lat' dir='ltr'><strong>Quia</strong></span> <span class='ocrx_word' id='word_1_287' title='bbox 1515 3940 1574 4021; x_wconf 85' lang='lat' dir='ltr'><strong>igi-</strong></span> 
     </span>
     <span class='ocr_line' id='line_1_33' title="bbox 298 4045 1574 4131; baseline -0.003 -18"><span class='ocrx_word' id='word_1_288' title='bbox 298 4055 352 4113; x_wconf 90' lang='lat' dir='ltr'><strong>tur</strong></span> <span class='ocrx_word' id='word_1_289' title='bbox 390 4053 523 4131; x_wconf 90' lang='lat' dir='ltr'><strong>propter</strong></span> <span class='ocrx_word' id='word_1_290' title='bbox 562 4048 788 4130; x_wconf 89' lang='lat' dir='ltr'><strong>gravissimam</strong></span> <span class='ocrx_word' id='word_1_291' title='bbox 828 4046 1085 4128; x_wconf 90' lang='lat' dir='ltr'><strong>persecutionem</strong></span> <span class='ocrx_word' id='word_1_292' title='bbox 1121 4046 1328 4112; x_wconf 79' lang='lat' dir='ltr'><strong>bastulorum</strong></span> <span class='ocrx_word' id='word_1_293' title='bbox 1366 4053 1399 4110; x_wconf 90' lang='grc'><strong>01</strong></span> <span class='ocrx_word' id='word_1_294' title='bbox 1434 4045 1574 4110; x_wconf 89' lang='lat' dir='ltr'><strong>braban-</strong></span> 
     </span>
     <span class='ocr_line' id='line_1_34' title="bbox 298 4151 1573 4236; baseline -0.002 -18"><span class='ocrx_word' id='word_1_295' title='bbox 298 4156 422 4220; x_wconf 92' lang='lat' dir='ltr'><strong>tionum</strong></span> <span class='ocrx_word' id='word_1_296' title='bbox 454 4176 505 4219; x_wconf 92' lang='lat' dir='ltr'><strong>res</strong></span> <span class='ocrx_word' id='word_1_297' title='bbox 539 4154 726 4218; x_wconf 87' lang='lat' dir='ltr'><strong>monasterii</strong></span> <span class='ocrx_word' id='word_1_298' title='bbox 758 4153 858 4216; x_wconf 87' lang='lat' dir='ltr'><strong>vestri</strong></span> <span class='ocrx_word' id='word_1_299' title='bbox 894 4151 1069 4234; x_wconf 91' lang='lat' dir='ltr'><strong>plurimum</strong></span> <span class='ocrx_word' id='word_1_300' title='bbox 1101 4153 1278 4236; x_wconf 89' lang='lat' dir='ltr'><strong>dissipatae</strong></span> <span class='ocrx_word' id='word_1_301' title='bbox 1311 4159 1386 4216; x_wconf 89' lang='lat' dir='ltr'><strong>sunt</strong></span> <span class='ocrx_word' id='word_1_302' title='bbox 1416 4157 1448 4217; x_wconf 91' lang='lat' dir='ltr'><strong>et</strong></span> <span class='ocrx_word' id='word_1_303' title='bbox 1479 4151 1573 4216; x_wconf 88' lang='lat' dir='ltr'><strong>vehe-</strong></span> 
     </span>
     <span class='ocr_line' id='line_1_35' title="bbox 298 4258 1659 4341; baseline -0.005 -15"><span class='ocrx_word' id='word_1_304' title='bbox 298 4268 424 4326; x_wconf 90' lang='lat' dir='ltr'><strong>menter</strong></span> <span class='ocrx_word' id='word_1_305' title='bbox 455 4261 602 4341; x_wconf 90' lang='lat' dir='ltr'><strong>attritae,</strong></span> <span class='ocrx_word' id='word_1_306' title='bbox 635 4281 694 4324; x_wconf 89' lang='lat' dir='ltr'><strong>nos</strong></span> <span class='ocrx_word' id='word_1_307' title='bbox 726 4259 794 4322; x_wconf 88' lang='lat' dir='ltr'><strong>eius</strong></span> <span class='ocrx_word' id='word_1_308' title='bbox 828 4258 954 4322; x_wconf 90' lang='lat' dir='ltr'><strong>damnis</strong></span> <span class='ocrx_word' id='word_1_309' title='bbox 982 4264 1014 4322; x_wconf 86' lang='lat' dir='ltr'><strong>et</strong></span> <span class='ocrx_word' id='word_1_310' title='bbox 1037 4261 1199 4324; x_wconf 89' lang='lat' dir='ltr'><strong>aerumnis</strong></span> <span class='ocrx_word' id='word_1_311' title='bbox 1222 4281 1321 4324; x_wconf 89' lang='lat' dir='ltr'><strong>manu</strong></span> <span class='ocrx_word' id='word_1_312' title='bbox 1349 4258 1574 4324; x_wconf 88' lang='lat' dir='ltr'><strong>sollicitudinis</strong></span> <span class='ocrx_word' id='word_1_313' title='bbox 1658 4309 1659 4320; x_wconf 71' lang='grc'>,</span> 
     </span>
     <span class='ocr_line' id='line_1_36' title="bbox 300 4362 1574 4446; baseline -0.005 -14"><span class='ocrx_word' id='word_1_314' title='bbox 300 4368 469 4433; x_wconf 90' lang='lat' dir='ltr'><strong>subvenire</strong></span> <span class='ocrx_word' id='word_1_315' title='bbox 492 4366 635 4432; x_wconf 89' lang='lat' dir='ltr'><strong>volentes</strong></span> <span class='ocrx_word' id='word_1_316' title='bbox 660 4366 836 4429; x_wconf 91' lang='lat' dir='ltr'><strong>autoritate</strong></span> <span class='ocrx_word' id='word_1_317' title='bbox 859 4364 1039 4446; x_wconf 88' lang='lat' dir='ltr'><strong>apostolica</strong></span> <span class='ocrx_word' id='word_1_318' title='bbox 1066 4365 1127 4429; x_wconf 90' lang='lat' dir='ltr'><strong>sub</strong></span> <span class='ocrx_word' id='word_1_319' title='bbox 1155 4367 1417 4430; x_wconf 86' lang='lat' dir='ltr'><strong>interminatione</strong></span> <span class='ocrx_word' id='word_1_320' title='bbox 1441 4362 1574 4428; x_wconf 88' lang='lat' dir='ltr'><strong>anathe-</strong></span> 
     </span>
    </p>
   </div>
   <div class='ocr_carea' id='block_1_7' title="bbox 378 4541 1574 4610">
    <p class='ocr_par' dir='ltr' id='par_1_8' title="bbox 378 4541 1574 4610">
     <span class='ocr_line' id='line_1_37' title="bbox 378 4541 1574 4610; baseline -0.005 -14"><span class='ocrx_word' id='word_1_321' title='bbox 378 4553 398 4591; x_wconf 79' lang='grc'><strong>.·</strong></span> <span class='ocrx_word' id='word_1_322' title='bbox 416 4563 432 4596; x_wconf 86' lang='grc'><strong>0</strong></span> <span class='ocrx_word' id='word_1_323' title='bbox 449 4551 501 4597; x_wconf 82' lang='lat' dir='ltr'><strong>cod.</strong></span> <span class='ocrx_word' id='word_1_324' title='bbox 573 4544 765 4610; x_wconf 84' lang='lat' dir='ltr'><strong>binjungemus</strong></span> <span class='ocrx_word' id='word_1_325' title='bbox 783 4564 803 4594; x_wconf 85' lang='grc'><strong>0.</strong></span> <span class='ocrx_word' id='word_1_326' title='bbox 877 4545 1017 4595; x_wconf 72' lang='grc' dir='ltr'><strong>ο1011000.</strong></span> <span class='ocrx_word' id='word_1_327' title='bbox 1080 4541 1286 4594; x_wconf 84' lang='lat' dir='ltr'><strong>dconstrictione</strong></span> <span class='ocrx_word' id='word_1_328' title='bbox 1303 4564 1323 4596; x_wconf 83' lang='lat' dir='ltr'><strong>c.</strong></span> <span class='ocrx_word' id='word_1_329' title='bbox 1388 4544 1574 4594; x_wconf 67' lang='lat' dir='ltr'><strong>enoluerintc⁸</strong></span> 
     </span>
    </p>
   </div>
   <div class='ocr_carea' id='block_1_8' title="bbox 389 4650 512 4721">
    <p class='ocr_par' dir='ltr' id='par_1_9' title="bbox 389 4650 512 4721">
     <span class='ocr_line' id='line_1_38' title="bbox 389 4650 512 4721; baseline 0 -18"><span class='ocrx_word' id='word_1_330' title='bbox 389 4651 399 4680; x_wconf 87' lang='lat'><strong>¹</strong></span> <span class='ocrx_word' id='word_1_331' title='bbox 417 4650 512 4721; x_wconf 86' lang='lat' dir='ltr'><strong>Hugo.</strong></span> 
     </span>
    </p>
   </div>
   <div class='ocr_carea' id='block_1_9' title="bbox 0 0 1673 5184">
    <p class='ocr_par' dir='ltr' id='par_1_10' title="bbox 0 0 1673 5184">
     <span class='ocr_line' id='line_1_39' title="bbox 0 0 1673 5184; baseline 0 0"><span class='ocrx_word' id='word_1_332' title='bbox 0 0 1673 5184; x_wconf 95' lang='lat' dir='ltr'><strong> </strong></span> 
     </span>
    </p>
   </div>
  </div>
 </body>
</html>
