3336 5184
295 266 359 328 130
656 277 821 330 Harmiai
839 289 874 331 1v
891 291 1059 332 nmsrouan
1077 279 1136 333 235.
1157 279 1209 333 236

294 445 378 512 235.
402 445 576 505 Hadrianus
586 443 635 501 IV
653 442 782 517 episcopo
806 448 832 500 et
854 443 1005 502 canocicis
1015 443 1236 502 Parisieasr'bus
1248 443 1404 519 proecepit,
1426 450 1461 502 at
1479 444 1577 502 archi-

405 548 521 611 diaconi
543 568 654 622 eorum,
686 549 715 606 sc'
730 557 849 608 'neeesse
870 549 919 622 sit,
949 550 988 608 ad
1008 549 1224 608 monasteriam
1247 549 1452 609 Latiniecense
1482 569 1578 609 cereso

404 663 655 716 sacramentorum
677 656 720 714 cel
741 653 848 714 iudicii
870 657 1010 715 accedam.
1056 656 1127 714 Atto
1148 657 1259 716 stataet.

400 775 472 830 Bibl.
485 782 542 831 net.
553 775 639 830 Paris.
650 775 744 830 Ghart.
759 773 787 829 S.
798 774 874 829 Petri
883 774 974 829 Latin.
988 791 1038 830 scr.
1050 792 1074 829 a.
1086 776 1163 829 1513.
1177 789 1229 830 ms.
1239 775 1288 829 lat.
1299 775 1369 831 9902
1382 775 1429 830 fol.
1440 778 1482 829 11.

119 944 274 1003 1157-59
383 937 547 1001 Adrianus
581 935 750 1018 episcopus
784 955 893 998 servus
922 955 1087 1000 servorum
1110 933 1173 999 Dei
1201 937 1351 1018 episcopo
1375 935 1577 1000 Parisiensi1

115 1033 266 1093 Mari-15·
295 1051 327 1110 et
350 1043 513 1109 canonicis
537 1041 681 1105 eiusdem
705 1041 839 1104 ecclesie
863 1024 1001 1105 salutem
1020 1047 1052 1105 et
1071 1042 1284 1124 apostolicam
1303 1042 1575 1107 benedictionem.

294 1150 553 1233 Latigniacensis
586 1148 722 1212 ecclesie
753 1146 899 1211 homines
932 1169 1063 1229 gravem
1100 1168 1134 1212 se
1172 1154 1351 1240 queruntur
1390 1148 1577 1213 molestiam

295 1258 464 1337 sustinere,
489 1254 575 1338 quod
600 1253 659 1318 sub
684 1253 749 1317 alia
774 1253 912 1317 seculari
935 1257 1097 1336 potestate
1120 1255 1218 1337 positi
1240 1276 1299 1337 pro
1323 1253 1576 1318 christianitatis
1606 1336 1611 1349 ι

294 1363 448 1428 misteriis
472 1383 529 1425 seu
552 1359 681 1424 iudiciis
705 1359 746 1422 ad
765 1366 916 1441 vestram,
942 1380 1004 1440 que
1023 1359 1083 1423 sub
1103 1359 1231 1424 diversa
1250 1360 1388 1424 seculari
1412 1366 1577 1443 potestate

295 1475 354 1551 est,
380 1469 549 1533 ecclesiam
581 1467 689 1530 venire
722 1471 889 1548 coguntur,
922 1465 1008 1530 unde
1039 1471 1072 1531 et
1094 1487 1337 1548 nonnumquam
1360 1487 1576 1549 personarum

295 1597 352 1640 seu
375 1596 483 1640 rerum
507 1595 639 1637 suarum
662 1572 807 1655 pericula
830 1573 1004 1636 incurrisse
1027 1579 1212 1637 narrantur.
1261 1571 1341 1637 Cum
1368 1574 1468 1656 igitur
1496 1593 1575 1654 que-

294 1683 363 1747 rela
386 1702 497 1745 eorum
527 1681 614 1743 iusta
644 1679 774 1744 racione
807 1680 944 1761 nitatur,
979 1700 1097 1762 equum
1125 1679 1218 1745 nobis
1242 1680 1348 1743 visum
1372 1684 1434 1760 est,
1462 1678 1575 1742 huius-

295 1788 383 1854 modi
406 1787 447 1852 ab
472 1787 518 1850 eis
542 1785 694 1849 iniuriam
718 1785 918 1851 submovere.
966 1783 1039 1866 Qua
1069 1786 1108 1850 de
1136 1808 1171 1851 re
1200 1786 1405 1851 dilectionem
1431 1790 1576 1849 vestram

296 1895 425 1977 scriptis
448 1892 653 1976 presentibus
678 1913 898 1956 ammonemus
927 1897 1024 1974 atque
1051 1893 1262 1975 precipimus,
1290 1898 1327 1957 ut
1355 1890 1575 1955 archidiaconi

296 2001 457 2082 deinceps,
482 1999 599 2080 quibus
623 1999 685 2062 iter
708 1999 814 2061 tucius
838 2004 901 2080 est,
925 2019 984 2082 per
1007 2004 1109 2062 semet
1131 2000 1219 2082 ipsos
1244 1998 1285 2062 ad
1305 1997 1441 2062 eandem
1463 1996 1576 2060 villam

296 2106 453 2171 accedant
476 2111 509 2170 et
532 2126 628 2188 super
651 2126 720 2186 eoa,
754 2104 968 2186 quodcunque
992 2104 1079 2169 soliti
1108 2109 1196 2186 sunt,
1225 2103 1328 2168 libere
1361 2108 1394 2167 et
1422 2104 1578 2168 canonice

296 2217 478 2292 exerceant,
502 2232 542 2275 ne
565 2212 652 2275 idem
675 2211 820 2275 homines
848 2212 1016 2276 occasione
1044 2211 1105 2275 hac
1128 2211 1271 2275 hostium
1298 2209 1450 2293 periculis
1478 2230 1577 2292 expo-

296 2324 425 2383 nantur.
471 2317 558 2382 Illud
581 2318 680 2382 etiam
703 2339 762 2382 nos
788 2318 942 2382 statuisse
970 2317 1139 2398 noveritis,
1172 2323 1209 2380 ut
1236 2339 1335 2398 quam
1359 2315 1415 2380 diu
1438 2315 1578 2379 ecclesia

296 2432 405 2490 vestra
429 2425 574 2489 antist'te
598 2425 740 2488 caruerit
768 2424 819 2488 vel
848 2445 921 2488 cum
945 2424 1114 2506 episcopus
1138 2444 1293 2507 praesens
1322 2421 1433 2503 fuerit,
1462 2442 1577 2485 secun-

298 2533 374 2596 dum
408 2529 529 2595 decreti
562 2531 665 2594 nostri
697 2535 852 2612 tenorem,
887 2532 914 2593 si
942 2530 1162 2594 ecclesiastica
1187 2534 1392 2594 sacramenta
1414 2528 1578 2612 pravitate

297 2639 407 2721 aliqua
431 2636 543 2701 abbati
557 2635 801 2719 Latigniacensi
819 2642 852 2700 et
877 2635 1032 2701 fratribus
1057 2635 1277 2718 denegaverit,
1303 2657 1322 2700 a
1341 2633 1487 2717 quolibet
1510 2635 1578 2717 epi·

298 2766 395 2826 scopo
419 2743 593 2808 maluerint
621 2743 734 2807 eadem
758 2748 963 2807 sacramenta
987 2741 1126 2806 debeant
1149 2744 1328 2825 suscipere3
1362 2762 1466 2823 neque
1490 2741 1579 2804 enim

299 2872 419 2932 equum
442 2855 501 2930 est,
525 2854 563 2913 ut
575 2848 638 2912 Dei
662 2850 762 2914 servis
782 2849 1002 2913 ecclesiastica
1020 2850 1166 2913 misteria
1185 2848 1429 2912 subtrahantur.
1467 2846 1578 2910 Preci-

299 2957 405 3040 pimus
429 2956 538 3037 etiam,
570 2962 607 3020 ut
639 2957 795 3022 ecclesiae
821 2954 1080 3038 Latigniacensis
1112 2956 1311 3036 monasterii,
1343 2975 1405 3038 que
1436 2959 1512 3017 sunt
1544 2954 1579 3016 in

298 3063 479 3127 Parisiensi
511 3061 645 3143 diocesi,
675 3062 777 3132 libers
801 3063 867 3125 sint
889 3068 922 3125 et
943 3062 1102 3125 immunes
1126 3082 1146 3125 a
1169 3060 1295 3125 citrada
1319 3066 1351 3124 et
1379 3060 1499 3144 synodo
1524 3080 1578 3123 ex-

301 3169 402 3252 ceptis
426 3168 589 3251 parochiis
612 3167 763 3233 videlicet
786 3168 825 3231 de
849 3167 1019 3249 Cucuisna,
1044 3167 1083 3232 de
1106 3167 1216 3232 Monte
1239 3166 1348 3230 Eunni
1372 3164 1579 3234 0111001110-

301 3275 397 3339 siaco.
444 3274 566 3338 Datum
589 3273 746 3338 Laterani
768 3273 846 3338 Idus
869 3274 990 3352 Martii.

300 3505 584 3609 236.⁸Hedre'rirrus
606 3545 657 3602 IV
683 3544 793 3603 ebrr’cis
815 3550 841 3602 et
872 3543 956 3602 101010
986 3550 1034 3603 eet.
1066 3550 1092 3603 et
1118 3543 1266 3602 anteana
1296 3543 1353 3617 „ie
1375 3544 1515 3619 Arpectio
1542 3545 1578 3604 ia

411 3650 589 3726 090000ιί10000
607 3650 826 3710 monocrator
849 3651 947 3710 scibit
969 3650 1002 3709 de
1027 3650 1147 3709 0100101010
1166 3650 1342 3725 chmwndo
1365 3649 1577 3726 archiepiscopo

412 3757 576 3816 Arelatensi
592 3757 799 3832 persolvendis.

407 3874 478 3930 Bibl.
497 3881 554 3930 nat.
573 3875 661 3930 Paris.
681 3878 707 3944 1)
726 3875 796 3930 Ooll.
815 3875 919 3929 Baluze
936 3875 972 3929 88
990 3875 1036 3930 fol.
1056 3876 1090 3930 26
1112 3892 1199 3929 manu
1217 3893 1238 3929 s.
1257 3887 1340 3942 xvn;
1373 3875 1400 3943 2)
1418 3891 1469 3930 ms.

682 3964 729 4019 lat.
751 3965 903 4018 12772f01.
923 3966 956 4019 33
975 3981 1050 4018 man.
1069 3981 1089 4018 s.
1109 3976 1186 4018 xvn.

123 4126 279 4185 1157-59
386 4106 551 4170 Adrianus
576 4107 745 4189 episcopus
770 4126 879 4170 servus
904 4127 1068 4171 servorum
1086 4106 1149 4170 Dei
1174 4106 1300 4170 dilectis
1323 4103 1398 4170 filiis
1421 4112 1489 4170 tam
1513 4107 1576 4172 cle-

134 4216 256 4275 Maill.
298 4213 373 4276 ricis
403 4234 501 4294 quam
532 4213 639 4292 laicis,
673 4213 853 4300 monachiS,
881 4212 1115 4296 hospitalariis,
1147 4211 1328 4295 templariis
1357 4217 1389 4278 et
1418 4213 1576 4277 universis

297 4320 332 4382 in
349 4319 508 4402 Argentia
526 4318 560 4381 in
579 4319 777 4400 agricultura
795 4318 1021 4384 laborantibus
1041 4320 1180 4384 salutem
1199 4325 1231 4383 et
1250 4320 1461 4402 apostolicam
1479 4319 1576 4384 bene-

299 4424 483 4490 dictionem.
529 4423 581 4488 Ex
603 4425 746 4490 iniuncto
770 4425 863 4490 nobis
887 4425 990 4492 aDeo
1015 4426 1131 4490 summi
1150 4423 1358 4508 pontificatus
1382 4424 1487 4492 officio
1512 4425 1576 4491 fra-
1655 4411 1656 4436 ³

388 4602 397 4631 ¹
416 4599 584 4655 Theobaldo.
