<?xml version="1.0" encoding="UTF-8"?>
<!DOCTYPE html PUBLIC "-//W3C//DTD XHTML 1.0 Transitional//EN"
    "http://www.w3.org/TR/xhtml1/DTD/xhtml1-transitional.dtd">
<html xmlns="http://www.w3.org/1999/xhtml" xml:lang="en" lang="en">
 <head>
  <title>
</title>
<meta http-equiv="Content-Type" content="text/html;charset=utf-8" />
  <meta name='ocr-system' content='tesseract 3.04.00' />
  <meta name='ocr-capabilities' content='ocr_page ocr_carea ocr_par ocr_line ocrx_word'/>
</head>
<body>
  <div class='ocr_page' id='page_1' title='image "./epistolaepontif02popegoog/epistolaepontif02popegoog_0114.png"; bbox 0 0 3336 5184; ppageno 0'>
   <div class='ocr_carea' id='block_1_1' title="bbox 554 307 1387 405">
    <p class='ocr_par' dir='ltr' id='par_1_1' title="bbox 554 307 1387 405">
     <span class='ocr_line' id='line_1_1' title="bbox 554 307 1387 405; baseline -0.01 -26"><span class='ocrx_word' id='word_1_1' title='bbox 554 323 644 379; x_wconf 84' lang='lat' dir='ltr'>Lucu</span> <span class='ocrx_word' id='word_1_2' title='bbox 660 337 686 378; x_wconf 94' lang='lat'>11</span> <span class='ocrx_word' id='word_1_3' title='bbox 704 335 871 405; x_wconf 73' lang='lat' dir='ltr'>urreronsu</span> <span class='ocrx_word' id='word_1_4' title='bbox 890 323 942 378; x_wconf 83' lang='lat'>190</span> <span class='ocrx_word' id='word_1_5' title='bbox 1345 307 1387 371; x_wconf 75' lang='lat' dir='ltr'>at</span> 
     </span>
    </p>
   </div>
   <div class='ocr_carea' id='block_1_2' title="bbox 105 482 1530 4393">
    <p class='ocr_par' dir='ltr' id='par_1_2' title="bbox 105 482 1530 4393">
     <span class='ocr_line' id='line_1_2' title="bbox 107 482 1511 567; baseline -0.004 -17"><span class='ocrx_word' id='word_1_6' title='bbox 107 485 378 550; x_wconf 79' lang='lat' dir='ltr'>benedictionem.</span> <span class='ocrx_word' id='word_1_7' title='bbox 416 482 622 548; x_wconf 78' lang='lat' dir='ltr'><strong>Venerabilis</strong></span> <span class='ocrx_word' id='word_1_8' title='bbox 641 482 743 547; x_wconf 84' lang='lat' dir='ltr'>frater</span> <span class='ocrx_word' id='word_1_9' title='bbox 760 489 872 548; x_wconf 89' lang='lat' dir='ltr'>noster</span> <span class='ocrx_word' id='word_1_10' title='bbox 882 482 1064 566; x_wconf 89' lang='lat' dir='ltr'>Philippus,</span> <span class='ocrx_word' id='word_1_11' title='bbox 1084 483 1255 567; x_wconf 88' lang='lat' dir='ltr'>episcopus</span> <span class='ocrx_word' id='word_1_12' title='bbox 1269 489 1387 565; x_wconf 86' lang='lat' dir='ltr'>vester,</span> <span class='ocrx_word' id='word_1_13' title='bbox 1426 485 1511 545; x_wconf 83' lang='lat'>1144</span> 
     </span>
     <span class='ocr_line' id='line_1_3' title="bbox 108 575 1530 672; baseline -0.001 -17"><span class='ocrx_word' id='word_1_14' title='bbox 108 593 200 656; x_wconf 83' lang='lat' dir='ltr'>iuxta</span> <span class='ocrx_word' id='word_1_15' title='bbox 223 612 351 656; x_wconf 88' lang='lat' dir='ltr'>morem</span> <span class='ocrx_word' id='word_1_16' title='bbox 362 590 489 654; x_wconf 81' lang='lat' dir='ltr'>noviter</span> <span class='ocrx_word' id='word_1_17' title='bbox 502 589 808 671; x_wconf 89' lang='lat' dir='ltr'>intromissatorum,</span> <span class='ocrx_word' id='word_1_18' title='bbox 832 588 1053 672; x_wconf 88' lang='lat' dir='ltr'>apostolorum</span> <span class='ocrx_word' id='word_1_19' title='bbox 1066 589 1179 653; x_wconf 91' lang='lat' dir='ltr'>limina</span> <span class='ocrx_word' id='word_1_20' title='bbox 1196 595 1230 654; x_wconf 92' lang='lat' dir='ltr'>et</span> <span class='ocrx_word' id='word_1_21' title='bbox 1242 595 1388 654; x_wconf 83' lang='lat' dir='ltr'>nostram</span> <span class='ocrx_word' id='word_1_22' title='bbox 1406 575 1467 633; x_wconf 63' lang='lat' dir='ltr'>Mai</span> <span class='ocrx_word' id='word_1_23' title='bbox 1479 575 1530 635; x_wconf 77' lang='lat'>¹⁶·</span> 
     </span>
     <span class='ocr_line' id='line_1_4' title="bbox 107 695 1388 781; baseline -0.002 -19"><span class='ocrx_word' id='word_1_24' title='bbox 107 699 332 781; x_wconf 86' lang='lat' dir='ltr'>praesentiam</span> <span class='ocrx_word' id='word_1_25' title='bbox 353 696 510 778; x_wconf 79' lang='lat' dir='ltr'>visitarit3</span> <span class='ocrx_word' id='word_1_26' title='bbox 535 716 631 778; x_wconf 89' lang='lat' dir='ltr'>quem</span> <span class='ocrx_word' id='word_1_27' title='bbox 649 717 708 761; x_wconf 92' lang='lat' dir='ltr'>nos</span> <span class='ocrx_word' id='word_1_28' title='bbox 726 695 840 760; x_wconf 93' lang='lat' dir='ltr'>debita</span> <span class='ocrx_word' id='word_1_29' title='bbox 856 695 1057 778; x_wconf 76' lang='lat' dir='ltr'>benignitate</span> <span class='ocrx_word' id='word_1_30' title='bbox 1076 696 1276 779; x_wconf 71' lang='lat' dir='ltr'>suscepimus</span> <span class='ocrx_word' id='word_1_31' title='bbox 1295 701 1338 778; x_wconf 91' lang='lat' dir='ltr'>et,</span> <span class='ocrx_word' id='word_1_32' title='bbox 1352 702 1388 760; x_wconf 89' lang='lat' dir='ltr'>ut</span> 
     </span>
     <span class='ocr_line' id='line_1_5' title="bbox 108 801 1388 885; baseline -0.002 -15"><span class='ocrx_word' id='word_1_33' title='bbox 108 805 196 870; x_wconf 90' lang='lat' dir='ltr'>bona</span> <span class='ocrx_word' id='word_1_34' title='bbox 212 803 402 870; x_wconf 86' lang='lat' dir='ltr'>Baiooensis</span> <span class='ocrx_word' id='word_1_35' title='bbox 422 801 589 883; x_wconf 87' lang='lat' dir='ltr'>ecclesiae,</span> <span class='ocrx_word' id='word_1_36' title='bbox 612 821 697 884; x_wconf 86' lang='lat' dir='ltr'>quac</span> <span class='ocrx_word' id='word_1_37' title='bbox 714 802 780 866; x_wconf 89' lang='lat' dir='ltr'>iam</span> <span class='ocrx_word' id='word_1_38' title='bbox 800 801 856 866; x_wconf 93' lang='lat' dir='ltr'>diu</span> <span class='ocrx_word' id='word_1_39' title='bbox 873 801 1036 885; x_wconf 82' lang='lat' dir='ltr'>peccatis·</span> <span class='ocrx_word' id='word_1_40' title='bbox 1053 801 1257 884; x_wconf 82' lang='lat' dir='ltr'>exigentibus</span> <span class='ocrx_word' id='word_1_41' title='bbox 1275 801 1388 867; x_wconf 79' lang='lat' dir='ltr'>illicite</span> 
     </span>
     <span class='ocr_line' id='line_1_6' title="bbox 109 907 1388 992; baseline 0 -18"><span class='ocrx_word' id='word_1_42' title='bbox 109 911 271 974; x_wconf 86' lang='lat' dir='ltr'>distracta</span> <span class='ocrx_word' id='word_1_43' title='bbox 294 915 328 974; x_wconf 90' lang='lat' dir='ltr'>et</span> <span class='ocrx_word' id='word_1_44' title='bbox 350 909 494 974; x_wconf 88' lang='lat' dir='ltr'>alienata</span> <span class='ocrx_word' id='word_1_45' title='bbox 517 913 602 989; x_wconf 89' lang='lat' dir='ltr'>sunt,</span> <span class='ocrx_word' id='word_1_46' title='bbox 626 914 797 992; x_wconf 80' lang='lat' dir='ltr'>recuperet</span> <span class='ocrx_word' id='word_1_47' title='bbox 819 915 853 973; x_wconf 91' lang='lat' dir='ltr'>et</span> <span class='ocrx_word' id='word_1_48' title='bbox 874 929 992 992; x_wconf 79' lang='lat' dir='ltr'>pravas</span> <span class='ocrx_word' id='word_1_49' title='bbox 1016 907 1279 990; x_wconf 86' lang='lat' dir='ltr'>consuetudines,</span> <span class='ocrx_word' id='word_1_50' title='bbox 1303 925 1388 991; x_wconf 88' lang='lat' dir='ltr'>quae</span> 
     </span>
     <span class='ocr_line' id='line_1_7' title="bbox 108 1014 1388 1098; baseline -0.001 -17"><span class='ocrx_word' id='word_1_51' title='bbox 108 1019 141 1081; x_wconf 89' lang='lat' dir='ltr'>in</span> <span class='ocrx_word' id='word_1_52' title='bbox 165 1016 340 1082; x_wconf 88' lang='lat' dir='ltr'>Baiooensi</span> <span class='ocrx_word' id='word_1_53' title='bbox 364 1015 554 1098; x_wconf 87' lang='lat' dir='ltr'>episcopatu</span> <span class='ocrx_word' id='word_1_54' title='bbox 575 1014 716 1096; x_wconf 87' lang='lat' dir='ltr'>pastoris</span> <span class='ocrx_word' id='word_1_55' title='bbox 743 1015 870 1079; x_wconf 91' lang='lat' dir='ltr'>incuria</span> <span class='ocrx_word' id='word_1_56' title='bbox 896 1020 930 1079; x_wconf 94' lang='lat' dir='ltr'>et</span> <span class='ocrx_word' id='word_1_57' title='bbox 955 1014 1154 1098; x_wconf 90' lang='lat' dir='ltr'>negligentia</span> <span class='ocrx_word' id='word_1_58' title='bbox 1176 1014 1388 1097; x_wconf 91' lang='lat' dir='ltr'>pullularunt,</span> 
     </span>
     <span class='ocr_line' id='line_1_8' title="bbox 108 1120 1388 1206; baseline -0.001 -19"><span class='ocrx_word' id='word_1_59' title='bbox 108 1124 281 1206; x_wconf 79' lang='lat' dir='ltr'>exstirpet,</span> <span class='ocrx_word' id='word_1_60' title='bbox 304 1122 377 1185; x_wconf 80' lang='lat' dir='ltr'>viva</span> <span class='ocrx_word' id='word_1_61' title='bbox 394 1141 472 1186; x_wconf 84' lang='lat' dir='ltr'>voce</span> <span class='ocrx_word' id='word_1_62' title='bbox 491 1120 554 1184; x_wconf 92' lang='lat' dir='ltr'>sibi</span> <span class='ocrx_word' id='word_1_63' title='bbox 572 1120 780 1185; x_wconf 90' lang='lat' dir='ltr'>iniunximus.</span> <span class='ocrx_word' id='word_1_64' title='bbox 818 1120 932 1204; x_wconf 90' lang='lat' dir='ltr'>Ipsum</span> <span class='ocrx_word' id='word_1_65' title='bbox 948 1121 1061 1204; x_wconf 90' lang='lat' dir='ltr'>itaque</span> <span class='ocrx_word' id='word_1_66' title='bbox 1081 1143 1154 1186; x_wconf 90' lang='lat' dir='ltr'>cum</span> <span class='ocrx_word' id='word_1_67' title='bbox 1172 1121 1279 1203; x_wconf 88' lang='lat' dir='ltr'>gratia</span> <span class='ocrx_word' id='word_1_68' title='bbox 1302 1121 1388 1187; x_wconf 88' lang='lat' dir='ltr'>sedis</span> 
     </span>
     <span class='ocr_line' id='line_1_9' title="bbox 108 1227 1389 1313; baseline -0.002 -19"><span class='ocrx_word' id='word_1_69' title='bbox 108 1228 312 1313; x_wconf 87' lang='lat' dir='ltr'>apostolicae</span> <span class='ocrx_word' id='word_1_70' title='bbox 335 1232 368 1292; x_wconf 90' lang='lat' dir='ltr'>et</span> <span class='ocrx_word' id='word_1_71' title='bbox 380 1227 564 1292; x_wconf 89' lang='lat' dir='ltr'>litterarum</span> <span class='ocrx_word' id='word_1_72' title='bbox 577 1231 763 1292; x_wconf 87' lang='lat' dir='ltr'>nostrarum</span> <span class='ocrx_word' id='word_1_73' title='bbox 777 1229 1003 1310; x_wconf 88' lang='lat' dir='ltr'>prosecutione</span> <span class='ocrx_word' id='word_1_74' title='bbox 1026 1227 1068 1292; x_wconf 92' lang='lat' dir='ltr'>ad</span> <span class='ocrx_word' id='word_1_75' title='bbox 1092 1227 1201 1293; x_wconf 91' lang='lat' dir='ltr'>sedem</span> <span class='ocrx_word' id='word_1_76' title='bbox 1224 1228 1389 1311; x_wconf 89' lang='lat' dir='ltr'>propriam</span> 
     </span>
     <span class='ocr_line' id='line_1_10' title="bbox 108 1333 1389 1419; baseline 0 -19"><span class='ocrx_word' id='word_1_77' title='bbox 108 1337 318 1400; x_wconf 84' lang='lat' dir='ltr'>remittentes</span> <span class='ocrx_word' id='word_1_78' title='bbox 343 1333 588 1398; x_wconf 76' lang='lat' dir='ltr'>uniuersitatem</span> <span class='ocrx_word' id='word_1_79' title='bbox 615 1338 758 1397; x_wconf 80' lang='lat' dir='ltr'>vestram</span> <span class='ocrx_word' id='word_1_80' title='bbox 785 1353 952 1415; x_wconf 90' lang='lat' dir='ltr'>rogamus,</span> <span class='ocrx_word' id='word_1_81' title='bbox 984 1355 1152 1400; x_wconf 90' lang='lat' dir='ltr'>monemus</span> <span class='ocrx_word' id='word_1_82' title='bbox 1176 1341 1210 1400; x_wconf 89' lang='lat' dir='ltr'>et</span> <span class='ocrx_word' id='word_1_83' title='bbox 1231 1356 1290 1419; x_wconf 87' lang='lat' dir='ltr'>per</span> <span class='ocrx_word' id='word_1_84' title='bbox 1313 1356 1389 1419; x_wconf 90' lang='lat' dir='ltr'>apo·</span> 
     </span>
     <span class='ocr_line' id='line_1_11' title="bbox 105 1435 1388 1525; baseline 0.001 -20"><span class='ocrx_word' id='word_1_85' title='bbox 105 1435 231 1507; x_wconf 70' lang='lat' dir='ltr'>¹stolica</span> <span class='ocrx_word' id='word_1_86' title='bbox 253 1441 376 1523; x_wconf 86' lang='lat' dir='ltr'>scripta</span> <span class='ocrx_word' id='word_1_87' title='bbox 398 1439 489 1506; x_wconf 85' lang='lat' dir='ltr'>vobis</span> <span class='ocrx_word' id='word_1_88' title='bbox 512 1439 720 1521; x_wconf 90' lang='lat' dir='ltr'>iniungimus,</span> <span class='ocrx_word' id='word_1_89' title='bbox 744 1443 905 1521; x_wconf 88' lang='lat' dir='ltr'>quatenus</span> <span class='ocrx_word' id='word_1_90' title='bbox 927 1439 1035 1522; x_wconf 89' lang='lat' dir='ltr'>ipsum</span> <span class='ocrx_word' id='word_1_91' title='bbox 1057 1441 1195 1524; x_wconf 86' lang='lat' dir='ltr'>benigne</span> <span class='ocrx_word' id='word_1_92' title='bbox 1213 1441 1388 1525; x_wconf 86' lang='lat' dir='ltr'>recipiatis,</span> 
     </span>
     <span class='ocr_line' id='line_1_12' title="bbox 108 1544 1388 1632; baseline 0.001 -20"><span class='ocrx_word' id='word_1_93' title='bbox 108 1547 283 1612; x_wconf 84' lang='lat' dir='ltr'>affectione</span> <span class='ocrx_word' id='word_1_94' title='bbox 305 1547 482 1632; x_wconf 90' lang='lat' dir='ltr'>praecipua</span> <span class='ocrx_word' id='word_1_95' title='bbox 505 1545 650 1628; x_wconf 90' lang='lat' dir='ltr'>diligatis</span> <span class='ocrx_word' id='word_1_96' title='bbox 682 1551 714 1610; x_wconf 91' lang='lat' dir='ltr'>et</span> <span class='ocrx_word' id='word_1_97' title='bbox 745 1544 910 1612; x_wconf 89' lang='lat' dir='ltr'>honoretis</span> <span class='ocrx_word' id='word_1_98' title='bbox 942 1547 1035 1629; x_wconf 91' lang='lat' dir='ltr'>eique</span> <span class='ocrx_word' id='word_1_99' title='bbox 1063 1553 1232 1630; x_wconf 89' lang='lat' dir='ltr'>tamquam</span> <span class='ocrx_word' id='word_1_100' title='bbox 1258 1548 1388 1632; x_wconf 90' lang='lat' dir='ltr'>proprio</span> 
     </span>
     <span class='ocr_line' id='line_1_13' title="bbox 108 1652 1390 1737; baseline 0 -18"><span class='ocrx_word' id='word_1_101' title='bbox 108 1655 237 1737; x_wconf 90' lang='lat' dir='ltr'>pastori</span> <span class='ocrx_word' id='word_1_102' title='bbox 260 1659 294 1718; x_wconf 90' lang='lat' dir='ltr'>et</span> <span class='ocrx_word' id='word_1_103' title='bbox 316 1654 499 1718; x_wconf 86' lang='lat' dir='ltr'>animarum</span> <span class='ocrx_word' id='word_1_104' title='bbox 520 1656 701 1717; x_wconf 81' lang='lat' dir='ltr'>vestrarum</span> <span class='ocrx_word' id='word_1_105' title='bbox 725 1652 875 1735; x_wconf 85' lang='lat' dir='ltr'>episcopo</span> <span class='ocrx_word' id='word_1_106' title='bbox 890 1652 1109 1718; x_wconf 89' lang='lat' dir='ltr'>obedientiam</span> <span class='ocrx_word' id='word_1_107' title='bbox 1121 1676 1160 1719; x_wconf 91' lang='lat' dir='ltr'>ac</span> <span class='ocrx_word' id='word_1_108' title='bbox 1175 1656 1390 1720; x_wconf 80' lang='lat' dir='ltr'>reverentiam</span> 
     </span>
     <span class='ocr_line' id='line_1_14' title="bbox 108 1757 1389 1844; baseline 0.002 -20"><span class='ocrx_word' id='word_1_109' title='bbox 108 1761 279 1826; x_wconf 85' lang='lat' dir='ltr'>humiliter</span> <span class='ocrx_word' id='word_1_110' title='bbox 301 1759 492 1825; x_wconf 82' lang='lat' dir='ltr'>exhibeatis.</span> <span class='ocrx_word' id='word_1_111' title='bbox 538 1757 604 1822; x_wconf 84' lang='lat' dir='ltr'>Res</span> <span class='ocrx_word' id='word_1_112' title='bbox 636 1779 714 1823; x_wconf 82' lang='lat' dir='ltr'>vero</span> <span class='ocrx_word' id='word_1_113' title='bbox 744 1758 983 1824; x_wconf 89' lang='lat' dir='ltr'>ecclesiasticas</span> <span class='ocrx_word' id='word_1_114' title='bbox 1016 1765 1049 1825; x_wconf 92' lang='lat' dir='ltr'>et</span> <span class='ocrx_word' id='word_1_115' title='bbox 1078 1761 1151 1826; x_wconf 90' lang='lat' dir='ltr'>iura</span> <span class='ocrx_word' id='word_1_116' title='bbox 1180 1761 1389 1844; x_wconf 84' lang='lat' dir='ltr'>episcopalia,</span> 
     </span>
     <span class='ocr_line' id='line_1_15' title="bbox 109 1864 1390 1954; baseline 0.001 -23"><span class='ocrx_word' id='word_1_117' title='bbox 109 1887 196 1949; x_wconf 89' lang='lat' dir='ltr'>quae</span> <span class='ocrx_word' id='word_1_118' title='bbox 219 1867 254 1930; x_wconf 92' lang='lat' dir='ltr'>in</span> <span class='ocrx_word' id='word_1_119' title='bbox 278 1866 422 1932; x_wconf 89' lang='lat' dir='ltr'>ecclesiis</span> <span class='ocrx_word' id='word_1_120' title='bbox 446 1870 480 1930; x_wconf 90' lang='lat' dir='ltr'>et</span> <span class='ocrx_word' id='word_1_121' title='bbox 492 1864 639 1948; x_wconf 89' lang='lat' dir='ltr'>personis</span> <span class='ocrx_word' id='word_1_122' title='bbox 653 1864 881 1929; x_wconf 87' lang='lat' dir='ltr'>ecclesiasticis</span> <span class='ocrx_word' id='word_1_123' title='bbox 897 1865 1081 1949; x_wconf 80' lang='lat' dir='ltr'>occupastis</span> <span class='ocrx_word' id='word_1_124' title='bbox 1100 1872 1133 1954; x_wconf 77' lang='lat' dir='ltr'>et</span> <span class='ocrx_word' id='word_1_125' title='bbox 1151 1873 1265 1933; x_wconf 86' lang='lat' dir='ltr'>eontra</span> <span class='ocrx_word' id='word_1_126' title='bbox 1283 1867 1390 1933; x_wconf 92' lang='lat' dir='ltr'>Deum</span> 
     </span>
     <span class='ocr_line' id='line_1_16' title="bbox 108 1970 1448 2057; baseline 0.001 -20"><span class='ocrx_word' id='word_1_127' title='bbox 108 1978 144 2037; x_wconf 95' lang='lat' dir='ltr'>et</span> <span class='ocrx_word' id='word_1_128' title='bbox 167 1973 352 2038; x_wconf 89' lang='lat' dir='ltr'>animarum</span> <span class='ocrx_word' id='word_1_129' title='bbox 374 1977 556 2036; x_wconf 87' lang='lat' dir='ltr'>vestrarum</span> <span class='ocrx_word' id='word_1_130' title='bbox 580 1970 717 2035; x_wconf 89' lang='lat' dir='ltr'>salutem</span> <span class='ocrx_word' id='word_1_131' title='bbox 740 1970 852 2036; x_wconf 90' lang='lat' dir='ltr'>illicite</span> <span class='ocrx_word' id='word_1_132' title='bbox 876 1971 1028 2036; x_wconf 91' lang='lat' dir='ltr'>detinetis</span> <span class='ocrx_word' id='word_1_133' title='bbox 1059 1972 1122 2037; x_wconf 92' lang='lat' dir='ltr'>sibi</span> <span class='ocrx_word' id='word_1_134' title='bbox 1145 1974 1254 2055; x_wconf 90' lang='lat' dir='ltr'>quiete</span> <span class='ocrx_word' id='word_1_135' title='bbox 1277 1980 1311 2039; x_wconf 87' lang='lat' dir='ltr'>et</span> <span class='ocrx_word' id='word_1_136' title='bbox 1332 1996 1389 2057; x_wconf 92' lang='lat' dir='ltr'>pa·</span> <span class='ocrx_word' id='word_1_137' title='bbox 1445 1978 1448 1984; x_wconf 70' lang='grc'>“</span> 
     </span>
     <span class='ocr_line' id='line_1_17' title="bbox 110 2077 1390 2162; baseline 0.002 -19"><span class='ocrx_word' id='word_1_138' title='bbox 110 2077 203 2144; x_wconf 90' lang='lat' dir='ltr'>oifice</span> <span class='ocrx_word' id='word_1_139' title='bbox 227 2078 411 2159; x_wconf 88' lang='lat' dir='ltr'>dimittatis,</span> <span class='ocrx_word' id='word_1_140' title='bbox 436 2083 468 2142; x_wconf 90' lang='lat' dir='ltr'>et</span> <span class='ocrx_word' id='word_1_141' title='bbox 490 2082 559 2141; x_wconf 92' lang='lat' dir='ltr'>tam</span> <span class='ocrx_word' id='word_1_142' title='bbox 581 2077 615 2139; x_wconf 92' lang='lat' dir='ltr'>in</span> <span class='ocrx_word' id='word_1_143' title='bbox 637 2077 688 2141; x_wconf 93' lang='lat' dir='ltr'>his</span> <span class='ocrx_word' id='word_1_144' title='bbox 707 2098 805 2160; x_wconf 87' lang='lat' dir='ltr'>quarn</span> <span class='ocrx_word' id='word_1_145' title='bbox 824 2078 858 2141; x_wconf 92' lang='lat' dir='ltr'>in</span> <span class='ocrx_word' id='word_1_146' title='bbox 876 2077 948 2143; x_wconf 90' lang='lat' dir='ltr'>aliis</span> <span class='ocrx_word' id='word_1_147' title='bbox 968 2079 1075 2161; x_wconf 94' lang='lat' dir='ltr'>ipsum</span> <span class='ocrx_word' id='word_1_148' title='bbox 1094 2084 1250 2162; x_wconf 91' lang='lat' dir='ltr'>tanquam</span> <span class='ocrx_word' id='word_1_149' title='bbox 1269 2079 1390 2145; x_wconf 79' lang='lat' dir='ltr'>Christi</span> 
     </span>
     <span class='ocr_line' id='line_1_18' title="bbox 108 2175 1434 2277; baseline 0.002 -28"><span class='ocrx_word' id='word_1_150' title='bbox 108 2186 298 2250; x_wconf 89' lang='lat' dir='ltr'>ministrum</span> <span class='ocrx_word' id='word_1_151' title='bbox 325 2183 452 2264; x_wconf 90' lang='lat' dir='ltr'>audire,</span> <span class='ocrx_word' id='word_1_152' title='bbox 485 2203 637 2248; x_wconf 83' lang='lat' dir='ltr'>excessus</span> <span class='ocrx_word' id='word_1_153' title='bbox 669 2204 797 2267; x_wconf 92' lang='lat' dir='ltr'>quoque</span> <span class='ocrx_word' id='word_1_154' title='bbox 829 2190 954 2249; x_wconf 85' lang='lat' dir='ltr'>vestros</span> <span class='ocrx_word' id='word_1_155' title='bbox 990 2175 1023 2249; x_wconf 86' lang='lat' dir='ltr'>et</span> <span class='ocrx_word' id='word_1_156' title='bbox 1055 2186 1266 2251; x_wconf 80' lang='lat' dir='ltr'>enormitates</span> <span class='ocrx_word' id='word_1_157' title='bbox 1298 2187 1390 2252; x_wconf 86' lang='lat' dir='ltr'>iuxta</span> <span class='ocrx_word' id='word_1_158' title='bbox 1432 2272 1434 2277; x_wconf 21' lang='grc' dir='ltr'>Ι</span> 
     </span>
     <span class='ocr_line' id='line_1_19' title="bbox 109 2289 1389 2374; baseline 0.002 -18"><span class='ocrx_word' id='word_1_159' title='bbox 109 2291 397 2356; x_wconf 88' lang='lat' dir='ltr'>commonitionem</span> <span class='ocrx_word' id='word_1_160' title='bbox 419 2290 523 2372; x_wconf 92' lang='lat' dir='ltr'>ipsius</span> <span class='ocrx_word' id='word_1_161' title='bbox 545 2289 705 2371; x_wconf 80' lang='lat' dir='ltr'>corrigere</span> <span class='ocrx_word' id='word_1_162' title='bbox 729 2289 897 2355; x_wconf 87' lang='lat' dir='ltr'>studeatis.</span> <span class='ocrx_word' id='word_1_163' title='bbox 939 2289 1061 2356; x_wconf 85' lang='lat' dir='ltr'>Verum</span> <span class='ocrx_word' id='word_1_164' title='bbox 1084 2292 1238 2374; x_wconf 84' lang='lat' dir='ltr'>quoniam</span> <span class='ocrx_word' id='word_1_165' title='bbox 1257 2292 1389 2374; x_wconf 90' lang='lat' dir='ltr'>quidam</span> 
     </span>
     <span class='ocr_line' id='line_1_20' title="bbox 109 2394 1389 2480; baseline 0.004 -20"><span class='ocrx_word' id='word_1_166' title='bbox 109 2404 257 2462; x_wconf 83' lang='lat' dir='ltr'>restrum</span> <span class='ocrx_word' id='word_1_167' title='bbox 275 2398 330 2480; x_wconf 83' lang='lat' dir='ltr'>jus</span> <span class='ocrx_word' id='word_1_168' title='bbox 354 2418 449 2462; x_wconf 90' lang='lat' dir='ltr'>suum</span> <span class='ocrx_word' id='word_1_169' title='bbox 472 2394 578 2460; x_wconf 93' lang='lat' dir='ltr'>eidem</span> <span class='ocrx_word' id='word_1_170' title='bbox 610 2395 761 2479; x_wconf 86' lang='lat' dir='ltr'>episcopo</span> <span class='ocrx_word' id='word_1_171' title='bbox 792 2397 920 2462; x_wconf 88' lang='lat' dir='ltr'>auferre</span> <span class='ocrx_word' id='word_1_172' title='bbox 949 2397 1162 2480; x_wconf 84' lang='lat' dir='ltr'>contendunt,</span> <span class='ocrx_word' id='word_1_173' title='bbox 1195 2400 1389 2466; x_wconf 86' lang='lat' dir='ltr'>auctoritate</span> 
     </span>
     <span class='ocr_line' id='line_1_21' title="bbox 110 2501 1389 2587; baseline -0.003 -19"><span class='ocrx_word' id='word_1_174' title='bbox 110 2503 293 2587; x_wconf 87' lang='lat' dir='ltr'>apostolica</span> <span class='ocrx_word' id='word_1_175' title='bbox 315 2502 534 2587; x_wconf 84' lang='lat' dir='ltr'>prohibemus,</span> <span class='ocrx_word' id='word_1_176' title='bbox 559 2507 596 2565; x_wconf 90' lang='lat' dir='ltr'>ut</span> <span class='ocrx_word' id='word_1_177' title='bbox 614 2501 721 2566; x_wconf 88' lang='lat' dir='ltr'>nullus</span> <span class='ocrx_word' id='word_1_178' title='bbox 744 2503 931 2585; x_wconf 86' lang='lat' dir='ltr'>monachus,</span> <span class='ocrx_word' id='word_1_179' title='bbox 959 2503 1094 2568; x_wconf 89' lang='lat' dir='ltr'>clericus</span> <span class='ocrx_word' id='word_1_180' title='bbox 1115 2505 1181 2568; x_wconf 85' lang='lat' dir='ltr'>sive</span> <span class='ocrx_word' id='word_1_181' title='bbox 1199 2501 1302 2566; x_wconf 86' lang='lat' dir='ltr'>laicus</span> <span class='ocrx_word' id='word_1_182' title='bbox 1320 2501 1389 2585; x_wconf 91' lang='lat' dir='ltr'>pla-</span> 
     </span>
     <span class='ocr_line' id='line_1_22' title="bbox 110 2606 1390 2694; baseline -0.002 -20"><span class='ocrx_word' id='word_1_183' title='bbox 110 2611 178 2674; x_wconf 87' lang='lat' dir='ltr'>cita</span> <span class='ocrx_word' id='word_1_184' title='bbox 202 2610 402 2694; x_wconf 84' lang='lat' dir='ltr'>episcopalia</span> <span class='ocrx_word' id='word_1_185' title='bbox 423 2609 486 2673; x_wconf 93' lang='lat' dir='ltr'>nisi</span> <span class='ocrx_word' id='word_1_186' title='bbox 509 2609 543 2671; x_wconf 93' lang='lat' dir='ltr'>in</span> <span class='ocrx_word' id='word_1_187' title='bbox 566 2607 668 2691; x_wconf 88' lang='lat' dir='ltr'>ipsius</span> <span class='ocrx_word' id='word_1_188' title='bbox 690 2608 741 2673; x_wconf 83' lang='lat' dir='ltr'>rel</span> <span class='ocrx_word' id='word_1_189' title='bbox 764 2610 877 2674; x_wconf 88' lang='lat' dir='ltr'>vicarii</span> <span class='ocrx_word' id='word_1_190' title='bbox 903 2610 953 2674; x_wconf 93' lang='lat' dir='ltr'>sui</span> <span class='ocrx_word' id='word_1_191' title='bbox 971 2610 1156 2694; x_wconf 88' lang='lat' dir='ltr'>praesentia</span> <span class='ocrx_word' id='word_1_192' title='bbox 1173 2613 1316 2673; x_wconf 91' lang='lat' dir='ltr'>tractare</span> <span class='ocrx_word' id='word_1_193' title='bbox 1339 2606 1390 2672; x_wconf 88' lang='lat' dir='ltr'>vel</span> 
     </span>
     <span class='ocr_line' id='line_1_23' title="bbox 109 2713 1390 2799; baseline -0.002 -18"><span class='ocrx_word' id='word_1_194' title='bbox 109 2715 255 2782; x_wconf 88' lang='lat' dir='ltr'>diffinire</span> <span class='ocrx_word' id='word_1_195' title='bbox 277 2715 328 2781; x_wconf 87' lang='lat' dir='ltr'>vel</span> <span class='ocrx_word' id='word_1_196' title='bbox 350 2716 384 2780; x_wconf 91' lang='lat' dir='ltr'>in</span> <span class='ocrx_word' id='word_1_197' title='bbox 406 2713 648 2798; x_wconf 79' lang='lat' dir='ltr'>parochialibus</span> <span class='ocrx_word' id='word_1_198' title='bbox 677 2715 821 2780; x_wconf 84' lang='lat' dir='ltr'>eeclesiis</span> <span class='ocrx_word' id='word_1_199' title='bbox 845 2716 969 2799; x_wconf 90' lang='lat' dir='ltr'>absque</span> <span class='ocrx_word' id='word_1_200' title='bbox 995 2716 1099 2798; x_wconf 89' lang='lat' dir='ltr'>ipsius</span> <span class='ocrx_word' id='word_1_201' title='bbox 1127 2735 1263 2780; x_wconf 89' lang='lat' dir='ltr'>assensu</span> <span class='ocrx_word' id='word_1_202' title='bbox 1284 2733 1390 2779; x_wconf 88' lang='lat' dir='ltr'>sacer·</span> 
     </span>
     <span class='ocr_line' id='line_1_24' title="bbox 109 2819 1390 2905; baseline -0.003 -17"><span class='ocrx_word' id='word_1_203' title='bbox 109 2823 206 2888; x_wconf 91' lang='lat' dir='ltr'>dotes</span> <span class='ocrx_word' id='word_1_204' title='bbox 238 2843 358 2905; x_wconf 91' lang='lat' dir='ltr'>ponere</span> <span class='ocrx_word' id='word_1_205' title='bbox 389 2821 440 2886; x_wconf 88' lang='lat' dir='ltr'>vel</span> <span class='ocrx_word' id='word_1_206' title='bbox 472 2841 621 2885; x_wconf 86' lang='lat' dir='ltr'>amovere</span> <span class='ocrx_word' id='word_1_207' title='bbox 653 2827 834 2905; x_wconf 89' lang='lat' dir='ltr'>presumat,</span> <span class='ocrx_word' id='word_1_208' title='bbox 867 2823 942 2904; x_wconf 80' lang='lat' dir='ltr'>quib</span> <span class='ocrx_word' id='word_1_209' title='bbox 969 2823 1102 2887; x_wconf 85' lang='lat' dir='ltr'>statutis</span> <span class='ocrx_word' id='word_1_210' title='bbox 1125 2820 1325 2905; x_wconf 88' lang='lat' dir='ltr'>temporibus</span> <span class='ocrx_word' id='word_1_211' title='bbox 1348 2819 1390 2884; x_wconf 90' lang='lat' dir='ltr'>ad</span> 
     </span>
     <span class='ocr_line' id='line_1_25' title="bbox 111 2927 1390 3014; baseline -0.002 -20"><span class='ocrx_word' id='word_1_212' title='bbox 111 2929 272 3014; x_wconf 87' lang='lat' dir='ltr'>synodum</span> <span class='ocrx_word' id='word_1_213' title='bbox 287 2939 396 2994; x_wconf 82' lang='lat' dir='ltr'>suam⁰</span> <span class='ocrx_word' id='word_1_214' title='bbox 414 2927 641 2993; x_wconf 87' lang='lat' dir='ltr'>universaliter</span> <span class='ocrx_word' id='word_1_215' title='bbox 660 2929 852 2994; x_wconf 84' lang='lat' dir='ltr'>conveniant</span> <span class='ocrx_word' id='word_1_216' title='bbox 871 2935 903 2994; x_wconf 87' lang='lat' dir='ltr'>et</span> <span class='ocrx_word' id='word_1_217' title='bbox 920 2934 1096 3012; x_wconf 90' lang='lat' dir='ltr'>praecepta</span> <span class='ocrx_word' id='word_1_218' title='bbox 1110 2927 1288 3012; x_wconf 81' lang='lat' dir='ltr'>synodalia,</span> <span class='ocrx_word' id='word_1_219' title='bbox 1306 2947 1390 3010; x_wconf 91' lang='lat' dir='ltr'>quae</span> 
     </span>
     <span class='ocr_line' id='line_1_26' title="bbox 110 3033 1390 3120; baseline -0.002 -19"><span class='ocrx_word' id='word_1_220' title='bbox 110 3035 234 3120; x_wconf 90' lang='lat' dir='ltr'>populo</span> <span class='ocrx_word' id='word_1_221' title='bbox 257 3035 320 3099; x_wconf 91' lang='lat' dir='ltr'>sibi</span> <span class='ocrx_word' id='word_1_222' title='bbox 342 3035 513 3100; x_wconf 89' lang='lat' dir='ltr'>commisso</span> <span class='ocrx_word' id='word_1_223' title='bbox 537 3033 772 3113; x_wconf 57' lang='lat' dir='ltr'>annuntiabat,</span> <span class='ocrx_word' id='word_1_224' title='bbox 797 3037 922 3097; x_wconf 90' lang='lat' dir='ltr'>attente</span> <span class='ocrx_word' id='word_1_225' title='bbox 944 3035 1127 3117; x_wconf 84' lang='lat' dir='ltr'>percipiant</span> <span class='ocrx_word' id='word_1_226' title='bbox 1145 3039 1243 3116; x_wconf 88' lang='lat' dir='ltr'>atque</span> <span class='ocrx_word' id='word_1_227' title='bbox 1268 3034 1390 3116; x_wconf 88' lang='lat' dir='ltr'>episco-</span> 
     </span>
     <span class='ocr_line' id='line_1_27' title="bbox 111 3140 1391 3227; baseline -0.002 -20"><span class='ocrx_word' id='word_1_228' title='bbox 111 3143 205 3227; x_wconf 88' lang='lat' dir='ltr'>pales</span> <span class='ocrx_word' id='word_1_229' title='bbox 229 3141 375 3206; x_wconf 90' lang='lat' dir='ltr'>redditus</span> <span class='ocrx_word' id='word_1_230' title='bbox 403 3141 582 3223; x_wconf 89' lang='lat' dir='ltr'>antiquitus</span> <span class='ocrx_word' id='word_1_231' title='bbox 611 3141 764 3206; x_wconf 87' lang='lat' dir='ltr'>canonice</span> <span class='ocrx_word' id='word_1_232' title='bbox 791 3140 984 3206; x_wconf 89' lang='lat' dir='ltr'>constitutos</span> <span class='ocrx_word' id='word_1_233' title='bbox 1008 3140 1113 3206; x_wconf 92' lang='lat' dir='ltr'>eidem</span> <span class='ocrx_word' id='word_1_234' title='bbox 1144 3141 1391 3224; x_wconf 85' lang='lat' dir='ltr'>episcopocum</span> 
     </span>
     <span class='ocr_line' id='line_1_28' title="bbox 111 3246 1391 3331; baseline -0.004 -17"><span class='ocrx_word' id='word_1_235' title='bbox 111 3249 301 3331; x_wconf 86' lang='lat' dir='ltr'>integritate</span> <span class='ocrx_word' id='word_1_236' title='bbox 324 3246 519 3330; x_wconf 86' lang='lat' dir='ltr'>persolvant.</span> <span class='ocrx_word' id='word_1_237' title='bbox 565 3246 743 3312; x_wconf 88' lang='lat' dir='ltr'>Praeterea</span> <span class='ocrx_word' id='word_1_238' title='bbox 765 3246 848 3310; x_wconf 87' lang='lat' dir='ltr'>scire</span> <span class='ocrx_word' id='word_1_239' title='bbox 870 3267 927 3311; x_wconf 89' lang='lat' dir='ltr'>vos</span> <span class='ocrx_word' id='word_1_240' title='bbox 950 3247 1108 3329; x_wconf 84' lang='lat' dir='ltr'>volumus,</span> <span class='ocrx_word' id='word_1_241' title='bbox 1133 3247 1219 3328; x_wconf 90' lang='lat' dir='ltr'>quia,</span> <span class='ocrx_word' id='word_1_242' title='bbox 1245 3247 1328 3312; x_wconf 69' lang='lat' dir='ltr'>sicin</span> <span class='ocrx_word' id='word_1_243' title='bbox 1351 3267 1391 3310; x_wconf 85' lang='lat' dir='ltr'>ex</span> 
     </span>
     <span class='ocr_line' id='line_1_29' title="bbox 113 3350 1390 3438; baseline -0.001 -19"><span class='ocrx_word' id='word_1_244' title='bbox 113 3355 237 3438; x_wconf 88' lang='lat' dir='ltr'>scripto</span> <span class='ocrx_word' id='word_1_245' title='bbox 259 3353 519 3436; x_wconf 87' lang='lat' dir='ltr'>praedecessoris</span> <span class='ocrx_word' id='word_1_246' title='bbox 542 3353 646 3418; x_wconf 90' lang='lat' dir='ltr'>nostri</span> <span class='ocrx_word' id='word_1_247' title='bbox 668 3350 771 3418; x_wconf 86' lang='lat' dir='ltr'>felicis</span> <span class='ocrx_word' id='word_1_248' title='bbox 793 3355 970 3418; x_wconf 88' lang='lat' dir='ltr'>memoriae</span> <span class='ocrx_word' id='word_1_249' title='bbox 992 3374 1097 3437; x_wconf 87' lang='lat' dir='ltr'>papae</span> <span class='ocrx_word' id='word_1_250' title='bbox 1115 3352 1242 3418; x_wconf 91' lang='lat' dir='ltr'>Urbani</span> <span class='ocrx_word' id='word_1_251' title='bbox 1265 3352 1390 3418; x_wconf 88' lang='lat' dir='ltr'>intelle·</span> 
     </span>
     <span class='ocr_line' id='line_1_30' title="bbox 112 3458 1391 3543; baseline 0.001 -18"><span class='ocrx_word' id='word_1_252' title='bbox 112 3462 246 3542; x_wconf 81' lang='lat' dir='ltr'>ximus,1</span> <span class='ocrx_word' id='word_1_253' title='bbox 264 3460 418 3543; x_wconf 91' lang='lat' dir='ltr'>quoniam</span> <span class='ocrx_word' id='word_1_254' title='bbox 432 3458 620 3524; x_wconf 91' lang='lat' dir='ltr'>Baiooensis</span> <span class='ocrx_word' id='word_1_255' title='bbox 639 3458 776 3524; x_wconf 86' lang='lat' dir='ltr'>ecclesia</span> <span class='ocrx_word' id='word_1_256' title='bbox 794 3458 953 3524; x_wconf 91' lang='lat' dir='ltr'>bonorum</span> <span class='ocrx_word' id='word_1_257' title='bbox 972 3481 1104 3525; x_wconf 89' lang='lat' dir='ltr'>suorum</span> <span class='ocrx_word' id='word_1_258' title='bbox 1121 3459 1295 3542; x_wconf 87' lang='lat' dir='ltr'>plurimam</span> <span class='ocrx_word' id='word_1_259' title='bbox 1313 3466 1391 3526; x_wconf 87' lang='lat' dir='ltr'>tunc</span> 
     </span>
     <span class='ocr_line' id='line_1_31' title="bbox 112 3563 1390 3650; baseline 0.001 -19"><span class='ocrx_word' id='word_1_260' title='bbox 112 3567 271 3650; x_wconf 89' lang='lat' dir='ltr'>temporis</span> <span class='ocrx_word' id='word_1_261' title='bbox 293 3571 420 3649; x_wconf 88' lang='lat' dir='ltr'>partem</span> <span class='ocrx_word' id='word_1_262' title='bbox 439 3564 591 3648; x_wconf 89' lang='lat' dir='ltr'>perdidit,</span> <span class='ocrx_word' id='word_1_263' title='bbox 616 3586 689 3630; x_wconf 90' lang='lat' dir='ltr'>cum</span> <span class='ocrx_word' id='word_1_264' title='bbox 704 3563 774 3631; x_wconf 93' lang='lat' dir='ltr'>Odo</span> <span class='ocrx_word' id='word_1_265' title='bbox 797 3565 900 3648; x_wconf 91' lang='lat' dir='ltr'>ipsius</span> <span class='ocrx_word' id='word_1_266' title='bbox 920 3565 1060 3631; x_wconf 86' lang='lat' dir='ltr'>civitatis</span> <span class='ocrx_word' id='word_1_267' title='bbox 1083 3567 1253 3650; x_wconf 85' lang='lat' dir='ltr'>episcopus</span> <span class='ocrx_word' id='word_1_268' title='bbox 1277 3589 1297 3632; x_wconf 89' lang='lat' dir='ltr'>a</span> <span class='ocrx_word' id='word_1_269' title='bbox 1320 3588 1390 3650; x_wconf 92' lang='lat' dir='ltr'>ger·</span> 
     </span>
     <span class='ocr_line' id='line_1_32' title="bbox 112 3671 1391 3756; baseline 0 -17"><span class='ocrx_word' id='word_1_270' title='bbox 112 3695 211 3738; x_wconf 90' lang='lat' dir='ltr'>mano</span> <span class='ocrx_word' id='word_1_271' title='bbox 235 3695 293 3738; x_wconf 87' lang='lat' dir='ltr'>suo</span> <span class='ocrx_word' id='word_1_272' title='bbox 312 3672 488 3738; x_wconf 82' lang='lat' dir='ltr'>Guillelmo</span> <span class='ocrx_word' id='word_1_273' title='bbox 506 3671 685 3754; x_wconf 82' lang='lat' dir='ltr'>Anglorum</span> <span class='ocrx_word' id='word_1_274' title='bbox 709 3693 784 3755; x_wconf 90' lang='lat' dir='ltr'>rege</span> <span class='ocrx_word' id='word_1_275' title='bbox 815 3678 930 3755; x_wconf 86' lang='lat' dir='ltr'>eaptus</span> <span class='ocrx_word' id='word_1_276' title='bbox 958 3677 1034 3754; x_wconf 81' lang='lat' dir='ltr'>est,²</span> <span class='ocrx_word' id='word_1_277' title='bbox 1066 3693 1150 3756; x_wconf 87' lang='lat' dir='ltr'>quae</span> <span class='ocrx_word' id='word_1_278' title='bbox 1172 3679 1282 3738; x_wconf 89' lang='lat' dir='ltr'>tamen</span> <span class='ocrx_word' id='word_1_279' title='bbox 1305 3673 1391 3739; x_wconf 90' lang='lat' dir='ltr'>bona</span> 
     </span>
     <span class='ocr_line' id='line_1_33' title="bbox 112 3777 1390 3863; baseline -0.002 -19"><span class='ocrx_word' id='word_1_280' title='bbox 112 3780 201 3844; x_wconf 92' lang='lat' dir='ltr'>idem</span> <span class='ocrx_word' id='word_1_281' title='bbox 225 3779 394 3862; x_wconf 87' lang='lat' dir='ltr'>episeopus</span> <span class='ocrx_word' id='word_1_282' title='bbox 420 3799 486 3860; x_wconf 83' lang='lat' dir='ltr'>sua</span> <span class='ocrx_word' id='word_1_283' title='bbox 515 3777 723 3860; x_wconf 91' lang='lat' dir='ltr'>postmodum</span> <span class='ocrx_word' id='word_1_284' title='bbox 753 3778 915 3844; x_wconf 90' lang='lat' dir='ltr'>industria</span> <span class='ocrx_word' id='word_1_285' title='bbox 946 3780 1164 3862; x_wconf 85' lang='lat' dir='ltr'>recuperavit,</span> <span class='ocrx_word' id='word_1_286' title='bbox 1198 3780 1310 3863; x_wconf 88' lang='lat' dir='ltr'>scripti</span> <span class='ocrx_word' id='word_1_287' title='bbox 1341 3779 1390 3844; x_wconf 90' lang='lat' dir='ltr'>sui</span> 
     </span>
     <span class='ocr_line' id='line_1_34' title="bbox 113 3883 1390 3969; baseline 0 -19"><span class='ocrx_word' id='word_1_288' title='bbox 113 3887 310 3952; x_wconf 90' lang='lat' dir='ltr'>auctoritate</span> <span class='ocrx_word' id='word_1_289' title='bbox 332 3884 482 3966; x_wconf 85' lang='lat' dir='ltr'>firmavit,</span> <span class='ocrx_word' id='word_1_290' title='bbox 506 3889 544 3948; x_wconf 92' lang='lat' dir='ltr'>ut</span> <span class='ocrx_word' id='word_1_291' title='bbox 566 3883 754 3950; x_wconf 86' lang='lat' dir='ltr'>Baiooensis</span> <span class='ocrx_word' id='word_1_292' title='bbox 774 3884 930 3950; x_wconf 90' lang='lat' dir='ltr'>ecclesiae</span> <span class='ocrx_word' id='word_1_293' title='bbox 953 3885 1039 3951; x_wconf 92' lang='lat' dir='ltr'>bona</span> <span class='ocrx_word' id='word_1_294' title='bbox 1061 3886 1108 3950; x_wconf 87' lang='lat' dir='ltr'>ita</span> <span class='ocrx_word' id='word_1_295' title='bbox 1132 3906 1259 3969; x_wconf 89' lang='lat' dir='ltr'>semper</span> <span class='ocrx_word' id='word_1_296' title='bbox 1281 3886 1390 3951; x_wconf 89' lang='lat' dir='ltr'>incon-</span> 
     </span>
     <span class='ocr_line' id='line_1_35' title="bbox 114 3991 1390 4075; baseline 0 -18"><span class='ocrx_word' id='word_1_297' title='bbox 114 4003 219 4057; x_wconf 79' lang='lat' dir='ltr'>oussa&#39;</span> <span class='ocrx_word' id='word_1_298' title='bbox 230 3992 372 4057; x_wconf 90' lang='lat' dir='ltr'>debeant</span> <span class='ocrx_word' id='word_1_299' title='bbox 390 3991 570 4056; x_wconf 88' lang='lat' dir='ltr'>stabilitate</span> <span class='ocrx_word' id='word_1_300' title='bbox 590 3992 721 4072; x_wconf 89' lang='lat' dir='ltr'>servari,</span> <span class='ocrx_word' id='word_1_301' title='bbox 742 3991 825 4056; x_wconf 89' lang='lat' dir='ltr'>siout</span> <span class='ocrx_word' id='word_1_302' title='bbox 844 3992 1002 4075; x_wconf 87' lang='lat' dir='ltr'>captionis</span> <span class='ocrx_word' id='word_1_303' title='bbox 1021 3992 1109 4056; x_wconf 91' lang='lat' dir='ltr'>illius</span> <span class='ocrx_word' id='word_1_304' title='bbox 1127 3997 1272 4075; x_wconf 89' lang='lat' dir='ltr'>tempore</span> <span class='ocrx_word' id='word_1_305' title='bbox 1291 3992 1390 4057; x_wconf 85' lang='lat' dir='ltr'>fiiisse</span> 
     </span>
     <span class='ocr_line' id='line_1_36' title="bbox 114 4095 1392 4181; baseline -0.001 -17"><span class='ocrx_word' id='word_1_306' title='bbox 114 4104 307 4178; x_wconf 82' lang='lat' dir='ltr'>noscuntur3</span> <span class='ocrx_word' id='word_1_307' title='bbox 331 4098 409 4181; x_wconf 90' lang='lat' dir='ltr'>quia</span> <span class='ocrx_word' id='word_1_308' title='bbox 431 4098 531 4180; x_wconf 90' lang='lat' dir='ltr'>igitur</span> <span class='ocrx_word' id='word_1_309' title='bbox 554 4098 656 4163; x_wconf 89' lang='lat' dir='ltr'>nostri</span> <span class='ocrx_word' id='word_1_310' title='bbox 680 4095 778 4164; x_wconf 84' lang='lat' dir='ltr'>officii</span> <span class='ocrx_word' id='word_1_311' title='bbox 801 4103 860 4179; x_wconf 92' lang='lat' dir='ltr'>est,</span> <span class='ocrx_word' id='word_1_312' title='bbox 889 4098 1099 4163; x_wconf 88' lang='lat' dir='ltr'>ecclesiarum</span> <span class='ocrx_word' id='word_1_313' title='bbox 1127 4098 1228 4181; x_wconf 91' lang='lat' dir='ltr'>quieti</span> <span class='ocrx_word' id='word_1_314' title='bbox 1255 4103 1392 4181; x_wconf 90' lang='lat' dir='ltr'>paterna</span> 
     </span>
     <span class='ocr_line' id='line_1_37' title="bbox 114 4203 1392 4288; baseline 0.002 -20"><span class='ocrx_word' id='word_1_315' title='bbox 114 4203 332 4269; x_wconf 88' lang='lat' dir='ltr'>sollicitudine</span> <span class='ocrx_word' id='word_1_316' title='bbox 355 4203 534 4286; x_wconf 84' lang='lat' dir='ltr'>providere,</span> <span class='ocrx_word' id='word_1_317' title='bbox 559 4204 704 4270; x_wconf 90' lang='lat' dir='ltr'>eiusdem</span> <span class='ocrx_word' id='word_1_318' title='bbox 727 4203 985 4288; x_wconf 88' lang='lat' dir='ltr'>praedecessoris</span> <span class='ocrx_word' id='word_1_319' title='bbox 1008 4205 1112 4270; x_wconf 91' lang='lat' dir='ltr'>nostri</span> <span class='ocrx_word' id='word_1_320' title='bbox 1134 4205 1279 4286; x_wconf 87' lang='lat' dir='ltr'>vestigiis</span> <span class='ocrx_word' id='word_1_321' title='bbox 1302 4205 1392 4270; x_wconf 91' lang='lat' dir='ltr'>inhe-</span> 
     </span>
     <span class='ocr_line' id='line_1_38' title="bbox 114 4305 1393 4393; baseline 0.001 -20"><span class='ocrx_word' id='word_1_322' title='bbox 114 4315 225 4374; x_wconf 90' lang='lat' dir='ltr'>rentes</span> <span class='ocrx_word' id='word_1_323' title='bbox 249 4307 384 4376; x_wconf 91' lang='lat' dir='ltr'>eandem</span> <span class='ocrx_word' id='word_1_324' title='bbox 408 4310 671 4376; x_wconf 86' lang='lat' dir='ltr'>constitutionem</span> <span class='ocrx_word' id='word_1_325' title='bbox 698 4311 896 4393; x_wconf 84' lang='lat' dir='ltr'>apostolieae</span> <span class='ocrx_word' id='word_1_326' title='bbox 926 4305 1011 4375; x_wconf 88' lang='lat' dir='ltr'>sedis</span> <span class='ocrx_word' id='word_1_327' title='bbox 1035 4309 1228 4376; x_wconf 88' lang='lat' dir='ltr'>auctoritate</span> <span class='ocrx_word' id='word_1_328' title='bbox 1252 4309 1393 4376; x_wconf 87' lang='lat' dir='ltr'>firmavi-</span> 
     </span>
    </p>
   </div>
   <div class='ocr_carea' id='block_1_3' title="bbox 205 4539 1391 4609">
    <p class='ocr_par' dir='ltr' id='par_1_3' title="bbox 205 4539 1391 4609">
     <span class='ocr_line' id='line_1_39' title="bbox 205 4539 1391 4609; baseline 0.002 -16"><span class='ocrx_word' id='word_1_329' title='bbox 205 4547 217 4571; x_wconf 77' lang='lat'><strong>·</strong></span> <span class='ocrx_word' id='word_1_330' title='bbox 234 4547 268 4593; x_wconf 79' lang='lat' dir='ltr'>eie</span> <span class='ocrx_word' id='word_1_331' title='bbox 286 4548 370 4608; x_wconf 63' lang='lat' dir='ltr'>antrat</span> <span class='ocrx_word' id='word_1_332' title='bbox 381 4563 429 4608; x_wconf 78' lang='lat' dir='ltr'>pro</span> <span class='ocrx_word' id='word_1_333' title='bbox 448 4543 568 4609; x_wconf 85' lang='lat' dir='ltr'>praelatis</span> <span class='ocrx_word' id='word_1_334' title='bbox 586 4563 605 4594; x_wconf 80' lang='lat' dir='ltr'>e.</span> <span class='ocrx_word' id='word_1_335' title='bbox 678 4539 741 4593; x_wconf 74' lang='lat' dir='ltr'>bau</span> <span class='ocrx_word' id='word_1_336' title='bbox 758 4562 819 4595; x_wconf 72' lang='lat' dir='ltr'>corr.</span> <span class='ocrx_word' id='word_1_337' title='bbox 838 4545 899 4593; x_wconf 73' lang='lat' dir='ltr'>sed?</span> <span class='ocrx_word' id='word_1_338' title='bbox 965 4549 1069 4594; x_wconf 78' lang='lat' dir='ltr'>csuum</span> <span class='ocrx_word' id='word_1_339' title='bbox 1088 4563 1107 4594; x_wconf 82' lang='lat' dir='ltr'>o.</span> <span class='ocrx_word' id='word_1_340' title='bbox 1179 4539 1362 4595; x_wconf 70' lang='lat' dir='ltr'>dannuntians</span> <span class='ocrx_word' id='word_1_341' title='bbox 1371 4563 1391 4596; x_wconf 86' lang='lat' dir='ltr'>c.</span> 
     </span>
    </p>
   </div>
   <div class='ocr_carea' id='block_1_4' title="bbox 170 4646 1259 4807">
    <p class='ocr_par' dir='ltr' id='par_1_4' title="bbox 170 4646 1259 4807">
     <span class='ocr_line' id='line_1_40' title="bbox 208 4646 1259 4717; baseline 0 -15"><span class='ocrx_word' id='word_1_342' title='bbox 208 4648 218 4676; x_wconf 91' lang='lat'><strong>¹</strong></span> <span class='ocrx_word' id='word_1_343' title='bbox 236 4647 297 4702; x_wconf 89' lang='lat' dir='ltr'>Iam</span> <span class='ocrx_word' id='word_1_344' title='bbox 316 4664 373 4703; x_wconf 91' lang='lat' dir='ltr'>non</span> <span class='ocrx_word' id='word_1_345' title='bbox 390 4653 483 4704; x_wconf 85' lang='lat' dir='ltr'>exstat</span> <span class='ocrx_word' id='word_1_346' title='bbox 501 4647 621 4717; x_wconf 88' lang='lat' dir='ltr'>epistola</span> <span class='ocrx_word' id='word_1_347' title='bbox 638 4647 714 4703; x_wconf 86' lang='lat' dir='ltr'>haec.</span> <span class='ocrx_word' id='word_1_348' title='bbox 788 4647 798 4678; x_wconf 76' lang='lat'><strong>²</strong></span> <span class='ocrx_word' id='word_1_349' title='bbox 816 4646 858 4702; x_wconf 74' lang='lat'>01².</span> <span class='ocrx_word' id='word_1_350' title='bbox 876 4647 949 4703; x_wconf 71' lang='lat' dir='ltr'>Jeffe</span> <span class='ocrx_word' id='word_1_351' title='bbox 968 4647 1040 4703; x_wconf 89' lang='lat' dir='ltr'>Bibl.</span> <span class='ocrx_word' id='word_1_352' title='bbox 1059 4648 1099 4703; x_wconf 87' lang='lat'>11.</span> <span class='ocrx_word' id='word_1_353' title='bbox 1118 4647 1179 4703; x_wconf 83' lang='grc'><strong>518.</strong></span> <span class='ocrx_word' id='word_1_354' title='bbox 1198 4649 1259 4704; x_wconf 82' lang='grc'>570.</span> 
     </span>
     <span class='ocr_line' id='line_1_41' title="bbox 170 4739 1179 4807; baseline 0.003 -12"><span class='ocrx_word' id='word_1_355' title='bbox 170 4754 352 4806; x_wconf 65' lang='lat' dir='ltr'>toranius,</span> <span class='ocrx_word' id='word_1_356' title='bbox 373 4755 445 4807; x_wconf 78' lang='lat' dir='ltr'>Epist.</span> <span class='ocrx_word' id='word_1_357' title='bbox 460 4755 526 4797; x_wconf 73' lang='lat' dir='ltr'>rone.</span> <span class='ocrx_word' id='word_1_358' title='bbox 542 4756 606 4796; x_wconf 80' lang='lat' dir='ltr'>nom.</span> <span class='ocrx_word' id='word_1_359' title='bbox 1164 4739 1179 4790; x_wconf 84' lang='lat'><strong>7</strong></span> 
     </span>
    </p>
   </div>
   <div class='ocr_carea' id='block_1_5' title="bbox 0 0 1681 5184">
    <p class='ocr_par' dir='ltr' id='par_1_5' title="bbox 0 0 1681 5184">
     <span class='ocr_line' id='line_1_42' title="bbox 0 0 1681 5184; baseline 0 0"><span class='ocrx_word' id='word_1_360' title='bbox 0 0 1681 5184; x_wconf 95' lang='lat' dir='ltr'> </span> 
     </span>
    </p>
   </div>
  </div>
 </body>
</html>
