3336 5184
454 315 643 368 Annxnnnnr
661 329 698 368 111
716 329 884 371 nrrsrocnu
902 318 963 373 263.
984 317 1037 372 264
1321 306 1382 367 149

105 472 336 537 ecclesiasticis
369 473 580 538 sacramentis
616 475 786 540 occasione
821 475 895 558 illa,
937 477 1014 560 quia
1041 477 1177 542 'litteras
1213 486 1381 561 noverunt,
1424 481 1507 544 1176

103 585 219 644 contra
247 581 431 662 generalem
463 586 570 644 terrac
594 581 858 646 consuetudinem
888 581 1105 666 frequentare,
1139 585 1196 649 sed
1226 586 1380 668 ecclesiia
1398 571 1471 647 Apr.
1484 577 1532 633 26·

102 685 136 748 in
160 707 301 768 quarum
324 687 486 770 parochiis
517 687 677 769 habitant,
708 687 909 770 parochialia
931 691 1003 754 iura
1030 691 1216 773 persolvant
1237 713 1297 756 nec
1319 693 1382 776 ipsi
1433 723 1440 736 ·

102 812 162 855 nec
187 792 351 857 scholares
376 793 454 858 alibi
476 793 540 856 nisi
563 793 652 856 salva
675 794 801 858 iustitia
823 795 968 877 ipsarum
997 797 1207 862 ecclesiarum
1234 799 1267 862 in
1291 806 1383 882 parte

102 899 294 962 testamenti
318 900 525 982 sepeliantur.
572 899 694 964 Datum
716 901 866 982 Anagnia
888 900 937 966 VI
959 903 1033 968 Kal.
1057 905 1146 969 Maii.

639 1065 710 1070 ——...-
729 1065 852 1072 ———

100 1183 192 1250 263.
216 1187 380 1246 Abmnder
397 1187 449 1246 ΙΠ
467 1189 595 1248 orchadae
620 1189 888 1248 Hudmerslobensa's
911 1192 1032 1250 tutelam
1053 1193 1176 1270 sucepit
1198 1194 1316 1270 eiusque
1338 1213 1380 1252 se·

211 1294 368 1369 peltarum
390 1294 510 1353 liberam
532 1314 591 1354 esse
614 1295 745 1354 decernit.

211 1411 334 1482 Registri
349 1411 533 1468 Alexandrini
551 1414 648 1485 fragm.
660 1385 710 1484 ep.
730 1415 773 1480 36,
791 1414 820 1468 in
838 1413 898 1469 cod.
910 1415 1026 1486 Collegii
1036 1416 1163 1473 'l'rinitat
1174 1417 1274 1474 Centa-

514 1502 583 1572 brig.
598 1503 632 1556 R.
643 1503 667 1557 9.
680 1505 720 1556 17.
740 1519 762 1556 s.
780 1516 829 1556 ΧΠ
846 1503 893 1558 fol.
915 1505 974 1557 121.

192 1643 364 1726 Proposito
402 1650 435 1708 et
470 1643 626 1708 fratribus
658 1644 956 1710 Harmerslavensis
995 1647 1137 1711 ecclesie.
1193 1648 1380 1731 Apostolice
1399 1656 1506 1715 1177?

102 1750 191 1814 sedis
216 1752 411 1816 auctoritate
438 1750 622 1814 inducimur
648 1755 681 1814 et
707 1751 853 1815 caritatis
882 1751 991 1817 debito
1018 1753 1244 1819 nichilominus
1267 1778 1380 1838 provo-

102 1877 230 1938 camur,
264 1855 416 1939 religiosa
444 1856 516 1920 loca
547 1856 688 1938 quadam
711 1858 858 1922 caritatis
881 1860 1086 1941 prerogativa
1110 1860 1243 1942 diligere
1271 1863 1381 1944 eisque

101 1969 217 2028 contra
239 1963 376 2027 iniurias
408 1963 657 2045 malignantium
690 1963 866 2046 apostolice
898 1965 1048 2030 tuicionis
1076 1968 1291 2050 patrocinium
1317 1991 1381 2034 non

101 2090 231 2151 negare.
279 2069 351 2134 Hac
382 2070 493 2153 itaque
525 2071 652 2134 ratione
681 2069 806 2133 inducti
830 2076 863 2134 et
892 2072 1008 2136 vestris
1031 2073 1303 2156 postulationibus
1326 2075 1380 2140 be-

6 2207 7 2214 *
102 2177 232 2258 nignius
255 2177 403 2240 inclinati
426 2176 596 2240 ecclesiam
619 2181 761 2239 vestram
786 2197 857 2240 cum
877 2177 1035 2259 omnibus,
1061 2200 1123 2260 que
1146 2179 1180 2243 in
1202 2183 1380 2262 presentia-

102 2304 174 2346 rum
200 2283 353 2347 canonice
376 2283 522 2366 possidet
545 2287 602 2346 aut
620 2283 654 2346 in
672 2281 817 2345 futurum
836 2283 930 2346 iustis
945 2285 1048 2348 modis
1065 2291 1231 2367 prestante
1241 2286 1380 2355 Domino

101 2390 223 2473 poterit
242 2389 388 2472 adipisci,
413 2389 473 2453 sub
490 2389 579 2453 beati
596 2388 686 2452 Petri
706 2394 738 2451 et
756 2395 868 2452 nostra
886 2391 1086 2472 protectione
1106 2393 1298 2476 suscipimus
1318 2399 1378 2458 etc.

102 2495 311 2578 Sepulturam
334 2517 462 2579 quoque
485 2496 587 2578 ipsius
611 2495 674 2558 loci
697 2494 834 2558 liberam
857 2515 928 2559 esse
953 2496 1154 2561 decernimus
1184 2505 1245 2562 etc.
1292 2499 1380 2564 Nulli

102 2624 177 2685 ergo
202 2604 332 2668 omnino
355 2603 521 2668 hominum
548 2600 646 2665 liceat
671 2601 885 2683 prescriptam
916 2603 1086 2666 ecclesiam
1109 2610 1230 2670 temere
1252 2613 1378 2688 pertur-

100 2709 190 2789 bare,
215 2711 435 2792 possessiones
458 2709 547 2772 eius⁸
571 2707 698 2772 auferre
721 2708 772 2771 vel
795 2708 906 2772 ablata
928 2709 1069 2773 retinere
1100 2731 1156 2774 seu
1183 2711 1266 2776 hanc
1289 2715 1377 2796 pagi-

100 2837 177 2880 nam
200 2823 311 2880 nostre
334 2816 544 2898 protectionis
569 2821 601 2880 et
624 2816 863 2880 constitutionis
888 2821 948 2878 etc.
1080 2828 1082 2834 '

101 3122 192 3188 264.
215 3123 379 3182 Alexander
401 3121 453 3181 ΠΙ
474 3123 501 3181 Τ.
525 3123 558 3180 do
581 3121 660 3180 Pa'b'o
689 3123 722 3181 ob
750 3122 883 3180 studium
910 3140 976 3197 mun
1003 3140 1033 3180 se
1055 3127 1080 3180 et
1102 3121 1270 3183 Berconum
1296 3127 1376 3184 eccle·

144 3269 147 3274 ¹
212 3232 291 3289 stom
310 3229 423 3304 pretias
446 3229 505 3304 opit
527 3228 723 3304 hortaturque,
747 3234 781 3286 ut
802 3228 837 3287 c'n
858 3247 890 3286 eo
907 3235 1073 3304 perseveret.

419 3347 487 3418 Reg.
506 3346 586 3402 Alex.
606 3347 703 3418 fragm.
723 3364 764 3417 ep.
785 3348 828 3413 37,
846 3347 864 3400 l.
884 3346 901 3400 l.
921 3345 967 3414 fol.
989 3347 1059 3400 12112.

189 3509 227 3575 Τ.
252 3508 291 3574 de
314 3507 408 3572 Pilio.
452 3506 590 3572 Gratum
616 3506 710 3571 nobis
739 3511 789 3570 est
815 3506 991 3589 plurimum
1018 3512 1051 3570 et
1073 3514 1240 3590 acceptum
1268 3515 1302 3572 et
1323 3524 1501 3584 err-1177?

99 3616 175 3680 inde
199 3614 242 3678 ad
266 3635 408 3679 amorem
431 3619 523 3678 tuum
546 3613 649 3695 magis
674 3634 713 3676 ac
735 3613 838 3694 magis
863 3613 1077 3695 accendimur,
1102 3613 1297 3696 quodcirca
1321 3616 1376 3680 ob·

100 3723 249 3804 sequium
272 3729 418 3786 nostrum
443 3726 475 3784 et
494 3720 628 3784 ecclesie
651 3719 779 3800 vigilem
803 3724 835 3782 te
859 3718 990 3783 exhibes
1015 3725 1048 3783 et
1070 3720 1243 3785 sollicitum
1265 3728 1299 3786 et
1323 3722 1375 3786 de-

100 3829 277 3909 votionem,
307 3849 405 3909 quam
433 3827 519 3891 circa
541 3848 600 3890 nos
624 3831 656 3890 et
679 3825 848 3888 ecclesiam
871 3826 972 3907 geris,
996 3846 1055 3908 per
1077 3827 1183 3908 operis
1207 3828 1375 3894 exhibitio-

99 3955 173 3999 nem
198 3934 351 4000 ostendis.
398 3933 503 4016 Super
526 3954 589 4015 quo
617 3931 781 3996 nobilitati
811 3936 866 3995 tue
893 3930 1010 3995 uberes
1037 3933 1159 4013 gratias
1188 3934 1374 3999 exhibentes

100 4047 252 4122 rogamus
284 4041 439 4105 attentius
464 4045 497 4103 et
519 4039 725 4120 mandamus,
759 4038 926 4119 quatinus,
961 4037 1046 4100 sicut
1069 4038 1108 4101 de
1131 4045 1163 4102 te
1187 4039 1374 4104 confidimus

101 4153 134 4210 et
155 4146 364 4212 laudabiliter
386 4147 530 4212 nosceris
549 4145 718 4228 incepisse,
743 4144 899 4225 obsequio
918 4148 1029 4207 nostro
1048 4143 1209 4208 ferventer
1226 4147 1374 4211 intendas

100 4259 133 4317 et
154 4252 252 4317 fidem
274 4259 376 4334 tuam,
401 4254 485 4317 sicut
507 4252 613 4316 fecisti
630 4252 798 4332 hactenus
823 4249 975 4333 operibus
994 4250 1194 4332 manifestes,
1219 4252 1265 4315 ita
1289 4254 1373 4335 quod

100 4367 131 4422 te
153 4365 288 4443 propter
309 4361 371 4425 hoc
393 4359 536 4424 uberiori
569 4357 706 4421 caritate
740 4354 871 4438 diligere
900 4361 932 4419 et
960 4356 1135 4422 commodis
1158 4358 1222 4422 tuis
1246 4364 1279 4422 et
1300 4382 1373 4442 prc-

99 4465 235 4530 fectibus
259 4466 434 4530 debeamus
458 4465 596 4548 amplius
618 4464 796 4527 imminere.

187 4648 199 4674 ¹
216 4647 252 4696 eis
269 4649 321 4697 eod,
