3336 5184
298 295 360 354 142
682 310 872 362 Anaxnnnm
890 319 927 360 111
946 319 1114 361 nrrssonnn
1133 307 1185 361 253

296 472 381 538 253.
405 473 568 532 Ateaaadcr
589 473 642 532 ΙΙΙ
668 474 797 548 episcopa
830 478 856 531 ct
886 471 1037 530 canocicis
1068 471 1339 531 Lcaeoarbcasibas'
1351 473 1511 549 procapii,
1545 480 1580 531 at

401 580 549 656 populant
577 580 757 655 episcopatus
784 597 846 636 aaa
878 577 975 636 sciara
1007 578 1155 636 ecclesiam
1187 579 1376 637 cathedralem
1407 581 1457 638 sect
1488 580 1580 638 ctiam

356 766 358 768 Ι
408 687 622 745 maaastcriaaa
647 685 677 744 S.
700 685 850 744 Martialis
872 671 1032 743 aaaaatiia
1054 679 1174 743 visitare
1196 690 1304 760 cauam.

553 804 625 858 Bibl.
644 809 701 858 nat.
720 803 806 858 Paris
826 820 877 856 ms.
897 801 945 856 lat.
967 801 1118 858 127461'01.
1139 803 1191 857 398
1209 821 1230 857 s.
1249 817 1327 858 xvn.

125 957 279 1015 1171-72
387 946 574 1011 Alexander
592 947 762 1029 episcopus
782 966 893 1008 servus
920 965 1087 1010 servorum
1105 945 1168 1010 Dei
1194 946 1371 1010 venerabili
1393 945 1486 1010 fratri
1511 948 1579 1030 epi-

133 1047 262 1105 lunae.
299 1058 415 1136 scopol
438 1052 619 1117 etdilectis
643 1051 718 1115 filiis
743 1051 904 1116 canonicis
922 1050 1208 1117 Lemovicensibus
1231 1053 1369 1116 salutem
1393 1058 1426 1116 et
1449 1057 1579 1135 aposto-

299 1160 396 1224 licam
428 1159 696 1224 benedictionem.
753 1156 1032 1240 Conquerentibus
1065 1158 1159 1222 nobis
1192 1158 1319 1223 dilectis
1351 1157 1426 1223 filiis
1456 1161 1579 1225 nostris

300 1266 439 1330 abbate‘l
462 1271 495 1329 et
517 1264 673 1329 fratribus
698 1265 802 1328 sancti
825 1263 985 1327 Martialis
1009 1262 1249 1328 Lemovicensis
1273 1266 1466 1348 accepimus
1491 1266 1580 1348 quod

301 1394 373 1436 cum
396 1372 534 1455 populus
559 1372 657 1435 vestri
677 1371 882 1453 episcopatus
907 1390 946 1432 ex
963 1370 1167 1434 institutione
1187 1371 1275 1435 beati
1294 1372 1455 1436 Martialis
1474 1393 1579 1454 usque

300 1478 342 1542 ad
365 1484 513 1560 tempora
536 1483 603 1558 tua,
627 1477 729 1541 irater
753 1477 912 1559 episcope,
938 1475 1107 1540 ecclesiam
1130 1483 1271 1541 vestram
1296 1483 1328 1542 et
1346 1479 1580 1543 monasterium

299 1584 539 1668 praedictorum
562 1583 700 1647 fratrum
724 1583 926 1648 consueverit
949 1582 1042 1646 annis
1069 1584 1204 1665 singulis
1223 1585 1366 1665 visitare,
1390 1590 1426 1648 tu
1448 1585 1581 1648 institu-

300 1692 387 1757 tione
410 1690 468 1754 illa
490 1712 555 1754 non
575 1691 643 1754 sine
663 1689 855 1754 detrimento
879 1689 1067 1753 monasterii
1090 1689 1237 1754 iamdicti
1259 1696 1386 1754 mutata
1410 1691 1582 1773 praedicto

301 1797 414 1862 abbati
437 1802 470 1860 et
488 1797 599 1860 multis
619 1797 691 1860 aliis
712 1794 1018 1876 contradicentibus
1043 1796 1198 1877 statuisti,
1218 1797 1306 1861 utin
1325 1797 1458 1879 singulis
1478 1797 1581 1861 eccle-

301 1904 357 1968 siis
381 1903 525 1967 eiusdem
549 1903 754 1986 episcopatus
788 1922 899 1965 earum
931 1901 1138 1983 parrochiani
1172 1903 1271 1966 semel
1297 1903 1331 1966 in
1358 1925 1442 1968 anno
1466 1924 1581 1969 conve-

300 2011 393 2074 niant
416 2015 449 2074 et
472 2010 608 2091 quisque
641 2008 754 2073 domus
787 2009 880 2072 annis
913 2007 1066 2088 singulisa
1098 2007 1159 2071 tibi
1190 2008 1356 2073 denarium
1384 2010 1497 2074 solvat.
1546 2009 1582 2074 Si

301 2118 373 2198 quis
407 2122 516 2180 autem
550 2115 717 2179 denarium
749 2113 860 2177 taliter
892 2113 953 2177 tibi
986 2113 1109 2178 solvere
1134 2115 1379 2197 contradixerit,
1410 2137 1514 2198 usque
1539 2117 1583 2180 ad

302 2223 370 2287 eius
404 2223 597 2286 solutionem
630 2220 847 2285 anathematis
881 2220 1042 2283 sententia
1075 2226 1251 2300 coercetur.
1311 2220 1471 2303 Quoniam
1503 2243 1583 2305 ergo

301 2329 537 2412 praescriptum
561 2328 793 2392 monasterium
824 2347 863 2390 ex
892 2326 1072 2390 mutatione
1101 2326 1188 2390 illius
1211 2328 1423 2392 institutionis
1448 2350 1482 2392 se
1505 2350 1583 2394 con-

302 2436 449 2517 queritur
472 2433 636 2498 oblatione
667 2433 850 2516 spoliatum,
884 2454 943 2496 nos
971 2432 1034 2494 iuri
1057 2438 1090 2496 et
1112 2431 1318 2497 indemnitati
1344 2436 1446 2517 ipsius
1469 2457 1583 2500 mona-

303 2542 393 2605 sterii
411 2540 581 2623 providere
599 2540 742 2604 volentes
762 2538 961 2603 authoritate
985 2537 1077 2604 vobis
1101 2539 1280 2621 apostolica
1298 2541 1516 2624 prohibemus
1540 2564 1584 2606 nc

304 2647 343 2711 de
367 2653 474 2711 cetero
498 2647 653 2729 populum
676 2646 778 2729 ipsius
812 2645 1017 2728 episcopatus
1052 2645 1086 2708 in
1117 2644 1252 2726 singulis
1281 2647 1425 2712 ecclesiis
1449 2669 1583 2730 congre-

303 2755 374 2836 gari
397 2752 534 2834 faciatis,
560 2753 617 2816 sed
641 2752 817 2816 secundum
839 2752 1076 2816 institutionem
1096 2752 1201 2814 sancti
1219 2751 1381 2817 Martialis
1405 2758 1438 2818 et
1457 2803 1580 2818 .....

304 2858 569 2923 consuetudinem
593 2857 783 2923 Gallicanae
808 2857 963 2922 ecclesiae
994 2857 1131 2921 eundem
1158 2858 1312 2940 populum
1336 2861 1506 2925 ecclesiam
1528 2882 1582 2924 ve-

304 2970 405 3029 stram
429 2971 462 3030 11
484 2964 570 3028 idem
593 2965 825 3030 monasterium
853 2963 1022 3028 occasione
1050 2970 1083 3027 et
1113 2963 1330 3045 appellatione
1353 2972 1501 3031 cessante
1526 2989 1581 3031 an·
1660 2981 1661 3004 ¹

303 3073 429 3136 nuatim
448 3071 580 3136 visitare
605 3073 737 3154 cogatis,
759 3072 843 3135 sicut
860 3090 964 3151 usque
984 3068 1026 3133 ad
1044 3076 1192 3152 tempora
1209 3075 1277 3151 tua,
1297 3070 1398 3136 frater
1421 3074 1582 3157 episcope,

305 3180 439 3243 eandem
463 3179 633 3243 ecclesiam
657 3183 689 3242 et
716 3177 949 3242 monasterium
979 3176 1111 3240 visitare
1144 3176 1278 3242 solebat.
1326 3176 1360 3242 Si
1386 3199 1461 3244 vero
1488 3201 1581 3262 prae-

305 3291 433 3369 ceptum
452 3292 599 3350 nostrum
617 3286 650 3349 in
668 3285 719 3348 his
740 3283 998 3364 contempseritis
1019 3282 1205 3366 adimplere,
1229 3285 1382 3348 noveritis
1405 3307 1463 3351 nos
1486 3307 1580 3350 venc-

304 3391 401 3455 rabili
433 3391 527 3456 fratri
551 3391 599 3457 S.³
623 3391 865 3474 archiepiscopo
888 3388 1085 3454 Bituricensi
1117 3389 1151 3452 in
1177 3389 1340 3454 mandatis
1370 3391 1511 3474 dedisse,
1544 3398 1583 3455 ut

306 3498 552 3579 institutionem,
568 3520 666 3580 quam
684 3503 730 3580 tu,
751 3496 851 3561 irater
870 3496 1029 3579 episcope,
1050 3495 1089 3559 dc
1107 3517 1189 3560 novo
1208 3495 1325 3578 fecisti,
1349 3503 1461 3562 nostra
1476 3504 1508 3561 et
1522 3520 1582 3562 sua

307 3603 504 3668 authoritate
537 3604 701 3670 rescindat
737 3608 769 3667 ct
800 3603 1037 3667 institutionem
1070 3603 1238 3684 antiquam
1269 3624 1328 3686 per
1360 3604 1582 3687 episcopatum

306 3716 449 3775 vestrum
472 3711 689 3794 appellatione
721 3715 846 3775 remota
881 3708 1000 3790 suscipi
1028 3707 1127 3772 iaciat
1155 3713 1188 3772 et
1215 3709 1444 3775 inviolabiliter
1473 3710 1582 3774 obser-

306 3818 390 3898 vari,
422 3817 572 3882 universo
599 3817 718 3900 populo
748 3814 808 3880 sub
837 3814 1053 3878 anathematis
1082 3815 1344 3881 interminatione
1366 3817 1581 3900 praecipiens

307 3929 343 3987 ut
366 3923 542 3988 secundum
562 3921 991 4006 antiquaminstitutionem
1010 3925 1151 3985 vestram
1171 3926 1204 3984 et
1221 3928 1449 4004 praetaxatum
1471 3944 1582 3987 mona-

308 4031 442 4095 sterium
475 4031 628 4095 studeant
661 4030 700 4093 de
733 4034 839 4093 cetero
872 4027 941 4090 sinc
974 4027 1228 4092 contradictione
1262 4023 1409 4110 quahbet
1439 4027 1581 4092 visitare.

306 4137 409 4203 Porro
433 4138 460 4200 si
484 4159 540 4202 vos
563 4139 703 4219 impetus
728 4132 909 4216 quoslibetb
927 4132 1167 4214 praestiteritis,
1192 4136 1362 4215 quominus
1382 4136 1516 4218 antiqua
1534 4135 1583 4199 in·

308 4244 432 4308 stitutio
456 4243 490 4306 in
516 4243 567 4307 his
594 4243 772 4324 recipiatur
800 4245 832 4304 et
860 4238 1057 4319 observetur,
1082 4239 1148 4303 sive
1172 4240 1432 4324 archiepiscopus
1461 4241 1584 4306 Bituri-

309 4350 412 4414 censis
437 4355 494 4414 aut
516 4348 697 4433 presbyteri
715 4347 766 4410 vel
790 4345 845 4410 alii
869 4344 978 4408 clerici
1001 4345 1034 4408 in
1054 4346 1120 4409 suis
1145 4346 1289 4411 ecclesiis
1307 4349 1584 4431 praesumpserint

396 4535 409 4558 ⁵
427 4530 534 4593 singulis
551 4533 644 4579 addidi.
717 4525 729 4557 b
748 4526 855 4590 impetui
874 4525 1005 4588 quodlibet
1023 4545 1042 4576 c.

399 4606 556 4688 1(11111111
630 4632 748 4686 'Petro
828 4627 1008 4699 ⁸Stephano,
1027 4647 1050 4684 a.
1073 4632 1140 4684 1173
1160 4636 1286 4686 mortuo·
