3336 5184
433 317 621 372 Araxasnnr
638 331 678 374 111
697 333 863 374 arnsronnn
882 320 942 374 296.
963 320 1013 374 297
1297 307 1356 369 171

81 483 177 550 296.
199 483 363 543 hamata
375 483 426 542 ΠΙ
443 483 478 542 ia
494 484 676 558 parthenone
689 485 979 561 Montis-martyram
999 485 1165 544 Parisionsi
1177 485 1249 562 ptus
1272 505 1361 562 qaam

202 593 242 650 60
264 607 376 648 sorores
398 589 515 649 admitti
538 596 619 649 octat.

340 691 554 762 Autographum
572 692 601 746 in
619 690 706 747 tabul.
725 697 783 746 nat.
802 692 889 746 Paris.
909 691 942 746 L.
962 691 1014 747 230
1032 710 1059 746 n.
1078 693 1103 745 4.

175 832 363 899 Alexander
395 833 563 916 episcopus
596 856 707 899 servus
739 855 901 899 servorum
925 833 987 899 Dei
1021 833 1146 898 dilectis
1173 835 1207 898 in
1235 833 1362 901 Christo
1381 839 1535 899 1166-79

80 941 276 1006 filiabus..
301 939 467 1003 abbatisse
495 945 528 1003 et
554 939 748 1004 monialibus
777 939 911 1004 ecclesie
934 941 1054 1004 Montis
1083 941 1254 1004 martirum
1278 942 1362 1006 salu·
1402 929 1516 1004 Aps-4·

80 1055 152 1113 tem
176 1053 212 1112 et
234 1045 445 1129 apostolicam
471 1045 738 1110 benedictionem.
775 1045 875 1128 Vigili
899 1067 1057 1126 ouranos
1077 1048 1224 1110 convenit
1247 1049 1364 1131 exequi

80 1175 148 1236 que
177 1152 221 1217 ad
249 1151 524 1216 conversationem
557 1152 721 1234 religionis
752 1154 916 1236 pertinent
948 1159 981 1216 et
1007 1153 1049 1216 ad
1073 1153 1227 1216 virtutum
1250 1176 1362 1237 prove-

79 1261 156 1324 niat
179 1260 423 1338 incrementum,
457 1242 631 1340 quianon
664 1258 824 1322 modicam
857 1280 913 1322 sue
947 1259 1113 1341 dignitatis
1141 1267 1267 1341 partem
1290 1281 1362 1324 eva-

80 1373 196 1447 cuant,
222 1366 277 1447 qui
299 1365 391 1428 iuxta
413 1363 549 1447 gradum
574 1386 667 1428 suum
691 1365 733 1429 ad
757 1365 999 1448 propagandam
1017 1365 1206 1448 religionem
1229 1366 1362 1449 diligen-

79 1473 150 1535 tius
175 1493 241 1536 non
263 1471 424 1536 laborant.
471 1469 519 1534 Ne
547 1477 656 1535 autem
686 1473 719 1534 in
752 1471 957 1535 multitudine
984 1471 1243 1554 recipiendarum
1276 1495 1363 1538 soro-

79 1601 157 1642 rum
199 1577 430 1644 monasterium
466 1576 642 1641 admodum
686 1585 879 1660 aggravetur
920 1583 952 1641 et
987 1578 1152 1660 religionis
1193 1579 1362 1645 dissolutio

80 1684 267 1767 proveniat,
292 1685 319 1746 si
342 1704 467 1748 sorores
491 1705 550 1765 pro
570 1685 826 1748 necessariorum
843 1685 979 1766 penuria
999 1690 1110 1748 coacte
1133 1683 1254 1749 fuerint
1277 1686 1363 1749 clau-

82 1799 192 1856 strum
216 1791 303 1854 exire
327 1795 359 1854 et
381 1789 539 1872 regularis
567 1789 771 1854 observantie
804 1795 927 1853 statuta
958 1789 1135 1872 negligere,
1169 1793 1363 1856 auctoritate

83 1897 269 1981 apostolica
292 1899 474 1977 statuimus,
498 1902 535 1959 ut
557 1896 689 1960 redacto
713 1895 755 1960 ad
779 1897 1025 1978 sexagenarium
1055 1919 1189 1962 numero
1217 1920 1364 1963 sororum

82 2010 270 2068 vestrarum
293 2003 327 2067 in
350 2003 486 2067 ecclesia
509 2008 616 2065 vestra
639 2001 726 2066 ultra
744 2003 913 2084 sexaginta
931 2002 1038 2066 nullas
1057 2004 1193 2067 ulterius
1218 2006 1364 2088 recipere

84 2110 246 2190 debeatis,
270 2107 473 2192 presentibus
496 2109 587 2173 vobis
610 2109 727 2173 litteris
746 2108 964 2191 prohibemus.
1009 2107 1131 2173 Datum
1149 2110 1306 2175 Laterani
1328 2101 1364 2174 Π

83 2217 168 2282 Non.
194 2215 329 2298 Aprilis.

84 2556 174 2624 297.
196 2557 361 2617 Ahaaader
382 2557 434 2615 ΙΙΙ
460 2557 587 2632 capitato
623 2557 832 2616 Oatahaoonsi
857 2557 1014 2632 proampit,
1046 2563 1080 2616 at
1111 2564 1163 2617 ant
1191 2557 1233 2617 W.
1265 2558 1363 2616 cicrn'oo

200 2664 371 2740 heneficium
398 2663 433 2720 ia
459 2663 574 2722 mchsia
603 2664 754 2738 assignare
782 2663 906 2722 atterius
938 2681 999 2722 non
1021 2669 1151 2722 rantscat
1180 2669 1233 2722 cat
1256 2663 1364 2722 littores

200 2771 338 2843 battutas,
369 2769 499 2846 quasia
521 2770 735 2828 comisationem
762 2789 850 2828 satam
871 2769 1040 2846 proferant,
1070 2770 1281 2846 archiepiscopo
1309 2770 1362 2828 Rc-

199 2877 296 2935 mcasi
319 2875 477 2935 ostendant.

195 2978 263 3048 Bag.
281 2977 364 3032 Alex.
383 2976 480 3047 fragm.
500 2993 542 3046 ep.
562 2979 587 3044 5,
605 2975 635 3030 in
654 2975 713 3031 cod.
727 2976 796 3032 Coll.
815 2976 944 3032 Trinitat.
964 2977 1203 3049 Cantabrig.R.9.
1215 2978 1257 3030 17.

611 3083 632 3119 s.
651 3079 699 3120 ΧΠ
717 3065 763 3120 fol.
784 3066 842 3120 109.

177 3207 359 3290 Episcopo1
383 3211 415 3271 et
438 3205 563 3271 dilectis
587 3205 680 3271 filiis⁸
703 3208 848 3273 decan02
870 3214 904 3272 et
927 3208 1068 3291 capitulo
1092 3207 1537 3276 Cathalaunensis1118-19

85 3314 233 3379 ecclesie.
281 3311 385 3395 Super
410 3312 521 3378 labore
545 3312 654 3378 dilecti
682 3313 740 3377 filii
767 3315 870 3379 nostri
893 3312 946 3378 W.
976 3315 1098 3396 clerici,
1126 3316 1252 3397 nepotis
1280 3313 1363 3378 bone
1403 3328 1428 3365 a.
1438 3307 1525 3365 Marl-

84 3420 243 3485 memorie
266 3418 332 3502 R.³,
366 3419 528 3502 quondam
561 3419 780 3485 archidiaconi
802 3421 917 3501 vestri,
951 3421 1007 3502 qui
1029 3420 1095 3484 iam
1118 3421 1218 3485 tercio
1242 3420 1283 3484 ad
1306 3442 1363 3485 no-

85 3533 192 3590 stram
214 3527 411 3608 presentiam
443 3524 613 3608 laboravit,
646 3532 782 3610 paterno
807 3527 925 3590 affectu
958 3527 1171 3608 compatimur
1198 3532 1231 3591 et
1257 3548 1363 3592 move-

85 3654 174 3713 mur,
208 3631 292 3694 sicut
319 3631 358 3696 de
381 3633 505 3697 ratione
537 3654 709 3715 possumus
741 3639 773 3696 et
795 3632 960 3697 debemus.
1008 3629 1093 3696 Olim
1121 3632 1294 3715 siquidem,
1327 3637 1364 3694 ut

84 3738 170 3802 bene
194 3738 375 3820 recolimus,
399 3737 489 3803 vobis
520 3760 578 3821 pro
604 3759 639 3803 eo
663 3760 774 3822 preces
799 3739 955 3804 sollicitas
979 3739 1179 3821 porreximus
1204 3745 1236 3803 et
1259 3746 1363 3804 atten-

86 3853 149 3922 tas,
174 3849 208 3908 et
230 3865 296 3924 vos,
322 3845 406 3908 sicut
429 3844 550 3926 decuit,
580 3846 609 3909 ei
636 3846 829 3928 promisistis
859 3846 1045 3910 interventu
1070 3849 1237 3921 nostroet
1260 3845 1363 3908 oonsi-

87 3951 257 4016 deratione
280 3952 345 4014 iam
373 3950 450 4014 dicti
478 3950 696 4016 archidiaconi
727 3953 922 4036 provisuros.
969 3951 1116 4016 Vacante
1144 3957 1363 4033 tamempost-

86 4057 220 4122 modum
252 4055 416 4140 prebenda
448 4056 592 4121 eiusdem
624 4057 858 4141 archidiaconi,
890 4079 1023 4142 precum
1055 4063 1239 4122 nostrarum
1272 4056 1364 4121 obliti

88 4164 184 4227 dictis
216 4162 304 4228 facta
334 4163 518 4228 nullatenus
552 4165 794 4247 compensastis.
850 4162 994 4246 Cumque
1026 4162 1231 4246 postmodum
1268 4183 1365 4244 super

88 4270 202 4334 eadem
234 4269 420 4352 praebenda
450 4270 578 4334 litteras
606 4270 787 4350 habuisset,
821 4269 938 4352 quibus
962 4269 1055 4335 vobis
1078 4269 1294 4351 precepimus,
1328 4274 1364 4332 ut

177 4454 189 4478 ⁸
206 4451 233 4499 ia
250 4453 329 4500 codiee
345 4455 446 4514 negarim
464 4457 496 4502 ct.

178 4552 338 4608 lGuidoni.
428 4554 566 4610 ’Iacobo
658 4553 794 4610 ⁸videtur
817 4570 877 4608 esse
894 4551 1042 4608 Rainerius
1065 4551 1288 4619 archidiaconus,
1315 4552 1363 4622 qui
1482 4558 1485 4564 '

89 4647 205 4712 apparet
223 4641 252 4695 in
271 4641 368 4697 tabula
385 4643 452 4697 anni
472 4645 541 4699 1140
558 4661 602 4714 ap.
621 4642 694 4698 Gall.
713 4642 814 4697 Christ.
833 4641 870 4696 X.
890 4642 974 4698 Instr.
995 4644 1053 4695 171.
