3296 5178
293 261 335 324 62
677 271 804 330 Uncsm
822 286 846 328 Π
865 285 1031 329 mrsromn
1051 274 1109 328 127.
1131 273 1181 330 128

124 439 208 497 1088
220 458 263 496 ex.
291 437 398 501 tribus
425 458 484 519 per
506 435 621 500 Asiam
649 434 861 516 destinatum,
895 455 935 498 ne
964 436 1136 518 quisquam
1165 436 1206 499 ad
1233 434 1331 500 fidem
1353 437 1487 500 veniens
1513 438 1578 502 oir-

292 544 480 609 cnmcisioni
503 543 583 624 legis
606 540 783 606 haberetur
809 541 993 606 obnoxiusl
1038 539 1113 624 Ipse
1142 543 1241 606 etiam
1263 542 1387 607 Paulus
1410 543 1453 607 ad
1473 544 1577 610 Gala-

291 651 379 714 thas:
407 655 443 714 Si
465 654 722 727 circumcidimini,
747 649 863 730 inquit,
891 653 1030 713 Christos
1051 655 1132 712 cobis
1153 655 1200 712 mii
1216 655 1371 730 prodcrii.²

380 773 474 839 Item.
512 774 639 859 (M)nlta
662 775 762 838 etiam
785 795 806 836 a
829 773 950 837 sanctis
973 772 1122 855 patribus
1145 796 1204 857 pro
1228 779 1373 857 tempore
1399 758 1577 838 immutata

292 883 527 965 scripturarum
550 881 735 945 testimonio
759 879 1025 962 comprobantur,
1055 881 1139 944 siout
1166 887 1277 946 sancte
1300 881 1447 946 Romane
1472 882 1576 946 ecole-

292 990 370 1071 siae,
395 989 447 1053 cui
469 987 541 1053 Deo
569 992 701 1051 auctore
725 986 938 1068 deservimus,
973 992 1105 1050 sanctus
1136 987 1282 1069 pontifex
1305 987 1374 1053 Leo
1400 988 1576 1071 neophitos

292 1096 334 1160 ad
354 1095 470 1160 summi
490 1094 662 1159 sacerdotii
681 1093 817 1176 gradum
836 1094 984 1176 permisit
1007 1092 1191 1176 ascendere,
1216 1117 1297 1176 quos
1316 1095 1412 1158 Pauli
1431 1096 1576 1178 apostoli

291 1224 379 1284 1666,
403 1202 512 1285 palam
536 1206 599 1283 est,
631 1200 673 1264 ab
697 1199 810 1265 eodem
834 1199 940 1265 officio
964 1200 1130 1264 inhiberi.3
1176 1199 1267 1265 Sicut
1290 1202 1389 1265 etiam
1412 1202 1575 1266 Arrianos

291 1310 438 1392 legimns,
462 1313 636 1391 postquam
660 1307 806 1371 conversi
829 1311 914 1387 sunt,
938 1306 972 1368 in
996 1308 1063 1370 suis
1087 1305 1202 1372 officiis
1225 1329 1357 1372 manere
1384 1310 1574 1391 permissos,

380 1433 474 1498 Item.
513 1431 695 1514 Scripsistis
718 1431 813 1496 nobis
836 1426 884 1496 cci.
906 1442 948 1494 m.
972 1455 1017 1512 ap.
1040 1437 1143 1495 Mami
1165 1438 1235 1497 XX.
1262 1437 1347 1496 6415

291 1739 370 1807 127.
408 1741 542 1800 1111611116
556 1739 592 1798 ΙΙ
609 1739 728 1797 cnidum
750 1739 783 1796 cic
805 1739 961 1815 sacrificiis
984 1739 1219 1798 scismaticorum
1241 1740 1348 1799 scribit.

398 1860 468 1916 (3011.
478 1859 547 1915 Brit.
556 1858 626 1913 Urb.
636 1875 679 1929 ep.
690 1857 734 1925 34,
751 1857 781 1911 in
791 1857 851 1912 eod.
861 1859 934 1938 Mus.
945 1859 1014 1914 Brit.
1024 1857 1097 1913 Add.
1107 1859 1178 1913 8873
1195 1876 1216 1913 6.
1227 1873 1275 1912 ΧΠ
1284 1859 1322 1912 in.
1332 1859 1380 1914 fol.
1391 1859 1464 1913 148¹).

383 2022 519 2086 ...mlis
544 2070 551 2084 .
573 2069 580 2084 .
603 2070 609 2084 .
631 2025 756 2083 .tano⁸.
794 2017 927 2101 Eorum,
951 2020 1008 2101 qui
1030 2020 1064 2082 in
1083 2019 1220 2084 ecclesia
1239 2019 1380 2084 ordinati
1403 2025 1489 2100 sunt,
1514 2020 1573 2085 sed

292 2130 334 2194 ab
358 2129 495 2194 ecclesia
513 2149 572 2211 per
595 2127 750 2191 scismata
769 2124 998 2208 discesserunt,
1026 2125 1221 2190 sacrificium
1245 2125 1422 2191 secundum
1440 2132 1574 2210 patrum

292 2237 530 2301 auctoritatem
544 2255 609 2299 non
632 2231 850 2296 exsufflamus.
912 2244 917 2254 '

292 2527 375 2592 128·
412 2526 546 2585 &bam
568 2523 605 2582 Π
631 2523 740 2582 dmm
765 2522 969 2599 Pmimniue
998 2478 1213 2599 Bcrpomcicm,
1246 2523 1299 2599 qai
1325 2523 1387 2580 sim
1413 2522 1573 2581 simoniaci

404 2631 569 2708 appellandi
592 2649 704 2707 qnoque
726 2630 812 2688 modo
835 2630 946 2688 minim
969 2630 1115 2688 simonica
1138 2629 1247 2702 iactor,
1271 2629 1369 2688 edocet.

639 2749 709 2805 Coll.
728 2750 796 2804 Brit.
816 2749 884 2804 Urb.
904 2767 946 2820 ep.
966 2748 1150 2816 39,1.1.f01.
1170 2749 1231 2804 150.

381 2895 533 2960 Urbanus
558 2893 643 2958 clero
667 2898 700 2956 61
722 2894 842 2976 populo
865 2892 1086 2974 Pergamensi.
1128 2890 1344 2955 Auctoritatis
1371 2896 1482 2955 nostre
1506 2896 1571 2955 sta-

292 3010 365 3068 tuta
387 3002 552 3082 noveritis,
581 3001 659 3083 quia
686 3020 796 3063 omnes
825 3000 1026 3082 symoniacos
1051 3019 1071 3062 a
1093 3019 1192 3080 prave
1216 2999 1357 3081 acceptis
1381 2998 1572 3062 ministeriis

293 3117 326 3176 et
349 3111 391 3174 ab
415 3109 626 3173 ecclesiarum
648 3111 810 3189 potestate
833 3125 1043 3170 removemus.
1089 3104 1155 3168 Eos
1175 3109 1284 3168 autem
1304 3105 1505 3187 symoniacos
1525 3103 1572 3167 di-

294 3219 406 3299 cimus,
431 3216 487 3298 qui
510 3214 560 3279 161
583 3215 693 3297 precio
717 3212 767 3276 161
789 3213 1003 3295 promissione
1026 3211 1076 3275 161
1094 3210 1245 3294 precibus
1269 3211 1319 3275 161
1342 3212 1478 3276 servicio
1502 3212 1572 3274 eius

293 3325 398 3407 gratia
421 3320 781 3410 intencionisssimpenso
797 3319 933 3384 ordines
957 3318 1008 3382 161
1033 3317 1171 3382 honores
1191 3318 1429 3383 ecclesiasticos
1454 3318 1572 3381 emisse

292 3436 479 3497 noscuntur.
518 3427 607 3510 Quos
631 3433 739 3492 autem
763 3427 892 3490 omnino
916 3425 958 3489 ab
982 3425 1098 3507 emptis
1123 3422 1236 3489 officiis
1260 3423 1495 3490 removendosb
1519 3445 1572 3488 ca-

292 3539 409 3604 nonica
433 3528 600 3601 sa'nctione
622 3533 833 3617 precipimus,
862 3553 967 3614 neque
996 3533 1042 3596 eis
1070 3532 1104 3595 in
1127 3531 1283 3613 ecclesiis,
1308 3553 1389 3614 quas
1413 3536 1571 3612 emerunt,

292 3649 487 3729 potestatem
509 3642 631 3707 habere
650 3645 708 3708 aut
725 3640 911 3705 ministrare
929 3638 1067 3702 facultas
1086 3625 1190 3702 libera
1213 3637 1419 3719 concedatur,
1445 3636 1511 3718 sed,
1535 3642 1573 3700 nt

293 3751 434 3835 perfecte
457 3751 628 3833 peccatum
652 3769 745 3812 suum
769 3746 910 3811 defleant
933 3745 1147 3809 6111116661ο
1174 3744 1237 3808 sibi
1260 3745 1400 3827 gratiam
1428 3745 1569 3810 reconci-

292 3860 386 3940 lient,
420 3857 462 3922 ad
486 3857 567 3921 alias
591 3855 744 3921 ecclesias
774 3852 826 3918 161
854 3853 1053 3919 monasteria
1079 3856 1249 3916 transeant
1276 3858 1367 3915 etse
1391 3851 1452 3914 sub
1476 3850 1571 3914 disci·

293 3966 380 4049 pline
411 3964 571 4047 regularis
604 3962 792 4027 cohercione
825 3958 1021 4026 servientesd
1051 3957 1230 4041 spiritualis
1258 3958 1376 4022 milicie
1405 3959 1576 4030 exerciciis,

293 4073 480 4155 mancipare
503 4075 686 4153 procurent.

382 4261 394 4284 ⁸
411 4256 587 4315 Immaptiomm
605 4271 621 4300 a
639 4254 770 4312 bibliopega
786 4252 916 4298 mutilatam
935 4249 1024 4296 Ewcld
1039 4249 1075 4295 ita
1092 4248 1205 4308 appanis
1222 4249 1247 4294 in
1260 4248 1335 4294 Neues
1353 4249 1441 4296 Archiv
1465 4248 1490 4296 V.
1501 4245 1571 4294 363.-

294 4344 386 4393 Comiti
396 4343 563 4392 Salernitano.
592 4344 680 4402 Bislwp
697 4357 751 4390 cero
769 4357 817 4388 non
834 4341 927 4400 sempsit
946 4335 1062 4396 ...mtia
1081 4338 1135 4384 aad:
1154 4320 1273 4385 ...mlss
1350 4331 1363 4363 b
1381 4335 1534 4384 removendo
1551 4353 1569 4382 c.

294 4438 304 4461 ⁰
322 4433 411 4482 divina
428 4451 448 4482 0.
525 4427 538 4458 ‘¹
556 4434 590 4480 aio
606 4432 693 4492 scripsi
704 4445 753 4490 pro
772 4429 912 4480 servantes
930 4428 982 4475 cod.

385 4538 394 4566 ¹
412 4535 475 4590 Aet.
494 4539 582 4605 apost.
602 4535 646 4601 15,
664 4533 698 4586 22
708 4549 747 4602 sq.
822 4531 833 4560 ²
850 4529 943 4585 Galat.
962 4531 987 4597 5,
1007 4529 1032 4583 2.
1097 4526 1343 4595 31”111116111.3,6.
1407 4529 1418 4558 ⁴
1437 4525 1479 4582 Of.
1497 4526 1571 4582 Jaffe

295 4624 363 4696 Reg.
382 4623 424 4678 ed.
444 4624 531 4695 princ.
549 4623 628 4677 4027.
