3284 5184
287 321 351 382 226
682 334 772 388 Lucu
790 347 827 386 111
845 347 1013 388 nmsronaa
1031 334 1092 388 373.
1111 334 1164 388 374

108 494 263 553 1184-85
284 516 349 577 qua
371 517 428 560 vos
451 515 590 578 purgare
614 493 808 576 apraefatis
833 493 997 558 canonicis
1022 493 1210 558 commoniti
1233 514 1298 557 non
1321 491 1443 573 velitis,
1467 491 1576 556 nullis

115 583 190 644 Νῦν·
203 582 254 641 12·
281 601 401 666 litteris
434 600 641 666 obstantibus
674 600 790 664 harum
823 605 935 664 tenore
967 599 1069 664 tacito
1098 621 1117 663 a
1146 597 1222 664 sede
1256 599 1435 682 apostolica
1464 600 1576 682 impe-

282 708 389 772 tratis.
435 707 524 771 Nulli
549 729 624 790 ergo
649 706 779 772 omniuo
806 706 974 771 hominum
997 711 1058 770 etc.
1105 704 1229 770 Datum
1256 704 1406 770 Veronae
1428 704 1464 768 H
1487 703 1577 768 Idus

282 813 484 879 Novembris.

283 1101 365 1169 373.
388 1104 504 1162 maus
525 1103 578 1162 III
590 1104 702 1176 statuit,
726 1109 760 1162 at
782 1103 817 1162 ia
840 1102 965 1161 ecclesiis
988 1102 1153 1162 Ftoartrtue
1175 1101 1312 1160 conectet
1336 1100 1417 1159 baad
1438 1099 1578 1158 residen-

393 1216 435 1270 tes
457 1212 537 1270 altro
557 1211 599 1268 20
621 1210 731 1269 solidos
753 1209 868 1284 siapalt'
885 1209 919 1268 do
936 1228 993 1268 sao
1011 1209 1179 1284 praebenda
1201 1225 1264 1266 aon
1280 1207 1468 1282 praeoptant,
1492 1207 1578 1265 uico

393 1317 452 1374 riis
473 1335 539 1375 cero
562 1333 665 1374 eoram
687 1322 804 1374 coctam
826 1315 917 1374 solidi
939 1317 1136 1390 ossigrraatar.

427 1433 499 1488 Bibl.
518 1440 577 1489 nat.
595 1434 683 1489 Paris.
703 1433 797 1490 Obart.
817 1433 943 1488 Atrebat.
962 1451 984 1488 s.
1003 1448 1071 1490 xm.
1092 1451 1143 1488 ms.
1162 1433 1211 1488 lat
1231 1433 1310 1488 9930.
1329 1432 1376 1490 fol.
1396 1435 1421 1487 7.

98 1631 265 1690 1184435,
372 1611 494 1676 Lucius
517 1612 689 1695 episcopus
724 1633 835 1676 servus
868 1634 1033 1677 servorum
1056 1611 1119 1676 Dei
1145 1611 1324 1677 venerabili
1352 1610 1446 1674 fratri
1470 1609 1578 1674 Petro

284 1719 435 1802 episcopo
459 1722 493 1782 et
519 1718 646 1783 dilectis
674 1718 751 1783 filiis
779 1720 943 1784 canonicis
967 1719 1240 1784 Atrebatensibus
1273 1718 1470 1782 salutemet
1495 1737 1577 1798 apo·

284 1824 434 1890 stolicam
456 1824 724 1890 benedictionem.
772 1824 903 1907 Quanto
926 1825 1030 1907 magis
1057 1824 1270 1889 habundante
1299 1824 1425 1888 malitia
1449 1824 1576 1887 caritas

284 1931 476 2014 refrigescit,
500 1937 593 1997 tauto
616 1954 675 1998 nos
699 1935 828 2013 oportet
856 1931 983 1995 cautius
1011 1932 1195 2013 providere,
1220 1953 1261 1996 ne
1284 1932 1319 1995 in
1343 1931 1445 1994 sacris
1470 1930 1576 1994 eccle-

285 2039 342 2102 siis
365 2038 493 2102 divinae
518 2039 683 2102 servitutis
707 2038 836 2102 cultura
864 2036 1033 2119 depereat,
1062 2039 1203 2102 maxime
1230 2039 1264 2102 in
1293 2037 1411 2120 quibus
1439 2036 1579 2101 uberior

285 2145 379 2227 copia
395 2149 546 2208 terrenae
561 2145 824 2209 sustenstationis
839 2143 1010 2208 habundat
1024 2149 1056 2207 et
1069 2145 1174 2209 maior
1189 2149 1238 2209 est
1252 2145 1364 2226 populi
1384 2143 1576 2224 multitudo,

285 2272 370 2334 quae
393 2273 452 2333 pro
482 2250 611 2314 defectu
639 2241 740 2314 divini
769 2251 893 2314 servitii
924 2251 1015 2331 gravi
1046 2255 1159 2333 posset
1190 2250 1344 2314 scandalo
1374 2249 1576 2331 perturbari.

286 2357 448 2440 Quoniam
470 2356 570 2438 igitur
583 2358 617 2420 in
630 2356 796 2440 plerisque
815 2356 960 2420 ecclesiis
976 2354 1164 2437 Flandriae,
1186 2377 1261 2420 oum
1279 2356 1489 2438 praebendae
1510 2357 1579 2421 sint

285 2463 460 2547 plurimae,
494 2464 590 2546 pauci
613 2468 690 2527 sunt
713 2463 861 2528 canonici
884 2462 1078 2543 residentes,
1111 2463 1159 2526 ita
1183 2468 1220 2527 ut
1242 2485 1301 2546 pro
1325 2483 1439 2527 eorum
1461 2464 1578 2546 pauci-

286 2575 355 2634 tate
377 2569 566 2652 frequenter
588 2569 738 2634 videatur
757 2569 939 2634 divinorum
959 2568 1139 2634 officiorum
1164 2568 1388 2651 sollempnitas
1413 2568 1577 2651 deperire,

286 2699 346 2760 pro
378 2697 417 2742 eo
449 2676 590 2740 maxime
622 2675 726 2757 quod,
760 2697 834 2739 cum
866 2675 1018 2740 absentes
1043 2698 1107 2741 non
1140 2676 1268 2740 minora
1291 2674 1358 2740 iere
1390 2675 1579 2758 percipiant

287 2804 387 2865 quam
409 2787 609 2867 praesentes,
634 2803 709 2846 raro
732 2786 843 2846 tamen
865 2780 988 2847 ibidem
1011 2780 1119 2846 officia
1149 2781 1259 2846 divina
1287 2781 1509 2864 frequentent,
1536 2804 1579 2845 ne

288 2910 443 2972 processu
465 2889 620 2971 temporis
644 2889 678 2952 in
701 2887 840 2952 ecclesia
862 2893 972 2952 vestra
991 2887 1096 2952 simile
1120 2888 1199 2970 quid
1218 2889 1396 2970 contingat,
1420 2909 1579 2971 praesen-

288 2997 371 3059 tium
394 2996 590 3061 auctoritate
614 2994 787 3059 statuimus
811 3000 845 3059 et
868 2994 928 3059 sub
951 2994 1217 3060 interminatione
1241 2993 1459 3059 anathematis
1488 2994 1579 3058 futu-

287 3101 333 3166 ris
356 3101 558 3185 temporibus
582 3101 748 3167 0bservari
771 3121 954 3182 censemus,
984 3106 1023 3164 ut
1049 3101 1083 3163 in
1111 3101 1281 3184 praedicta
1305 3101 1443 3166 ecclesia
1465 3108 1580 3166 vestra

288 3208 442 3274 absentes
466 3209 628 3290 canonici,
653 3208 710 3290 qui
732 3206 854 3271 fuerint
876 3208 910 3271 in
933 3213 1100 3291 posterum
1124 3207 1327 3290 assumendi,
1360 3207 1459 3272 nichil
1483 3210 1580 3291 peni-

287 3321 341 3379 tus
365 3314 453 3394 ultra
474 3316 589 3398 viginti
613 3314 733 3380 solidos
767 3313 886 3396 singuli
918 3312 958 3378 de
988 3334 1047 3378 sua
1074 3313 1263 3396 praebenda
1289 3315 1481 3397 percipiant,
1516 3315 1579 3379 sed

287 3420 359 3486 loco
383 3441 494 3486 eorum
518 3420 749 3486 cumconsilio
773 3420 931 3503 episcopi,
965 3420 1022 3502 qui
1052 3442 1112 3503 pro
1144 3425 1291 3503 tempore
1318 3419 1430 3501 firerit,
1461 3418 1580 3485 idonei

288 3528 401 3592 vicarii
424 3548 483 3610 per
506 3527 685 3611 capitulum
709 3532 906 3608 statuantur,
930 3526 1048 3609 quibus
1073 3531 1203 3590 centum
1227 3526 1322 3591 solidi
1352 3526 1391 3591 de
1413 3525 1578 3611 praeben-

289 3633 340 3697 dis
359 3632 545 3698 absentium
564 3634 780 3715 assignentur.
818 3633 908 3697 Nulli
927 3654 1003 3716 ergo
1023 3633 1153 3699 omnino
1177 3633 1345 3698 homiuum
1367 3633 1465 3698 liceat
1487 3633 1578 3697 hanc

289 3739 443 3822 paginam
466 3745 597 3805 nostrae
621 3740 862 3816 constitutionis
881 3739 1057 3821 infringere
1076 3739 1126 3803 vel
1150 3740 1181 3803 ei
1200 3760 1283 3804 ausu
1301 3739 1475 3804 temerario
1499 3761 1577 3804 oon-

289 3846 400 3911 traire.
457 3845 492 3911 Si
524 3847 597 3927 quis
630 3852 740 3911 autem
775 3851 971 3930 attemptare
1008 3845 1280 3929 praesumpserit,
1318 3845 1578 3928 indignationem

290 3953 522 4036 omnipotentis
545 3952 608 4017 Dei
641 3959 674 4017 et
700 3952 872 4018 beatorum
895 3951 987 4016 Petri
1015 3957 1048 4016 et
1070 3951 1167 4016 Pauli
1195 3952 1416 4036 apostolorum
1446 3951 1516 4016 eius
1542 3973 1576 4016 se
1636 3991 1637 4003 κ

291 4060 417 4125 noverit
438 4060 670 4124 incursurum.a

826 4171 1039 4178 ——-—-

125 4381 162 4439 11
169 4382 193 4438 g,
292 4345 379 4414 3⁷4.
402 4349 519 4409 Inicias
541 4348 593 4408 HI
610 4349 765 4408 univeros
787 4318 886 4424 stactae
898 4365 955 4422 per
973 4347 1200 4422 Biturieeasao,
1220 4347 1403 4422 Raocascm,
1425 4347 1576 4407 Senoma-

130 4471 198 4544 sept
403 4475 466 4515 sein
488 4462 514 4515 ct
539 4456 738 4515 naaman
763 4455 938 4530 procinctos
968 4455 1156 4529 constitutos,
1188 4455 1364 4515 remissione
1389 4460 1574 4530 peccatoram

383 4668 395 4691 ¹
412 4668 441 4712 In
459 4669 563 4726 margine
580 4684 663 4715 marrus
676 4669 794 4728 poetata
812 4668 939 4728 adempsit
960 4671 1040 4716 vacat.
