3336 5184
320 267 381 376 llO
699 281 889 332 Anuxsunnr
907 290 944 330 111
962 291 1130 332 urrsuouan
1149 280 1200 334 295

199 431 297 500 1178·
315 462 428 506 manus
446 439 578 504 Domini
600 439 773 504 incurabili
795 439 885 521 lepre
906 438 1019 505 morbo
1043 441 1227 522 percutiens
1246 442 1376 523 gravm
1402 441 1601 526 flagellavit,

313 555 350 612 ut
373 554 491 630 contra·
508 547 642 610 iniurias
666 546 923 628 malignantium,
956 546 1011 628 qui
1034 567 1092 629 per
1115 567 1149 610 se
1172 569 1237 612 non
1261 547 1440 631 sufficiunt,
1463 557 1602 634 protec-

311 654 408 720 tionis
432 654 608 737 apostolice
636 653 740 736 clipeo
773 652 971 716 muniantur.
1018 652 1091 717 Hac
1113 654 1224 735 itaque
1252 655 1378 719 ratione
1405 656 1532 721 inducti
1560 664 1602 721 et

312 761 427 825 vestris
462 761 557 824 iustis
593 759 865 842 postulationibus
903 758 1064 841 inclinati,
1102 761 1317 843 prescriptam
1352 761 1483 827 domum
1515 785 1601 828 cum

311 867 470 948 omnibus,
494 867 613 948 quein
636 865 873 949 presentiarum
897 870 956 929 ete.
981 887 1084 948 usque
1107 867 1351 931 communimus.
1397 867 1602 952 Specialiter

312 981 421 1044 autem
456 993 657 1056 quecumque
693 972 734 1036 ab
766 972 810 1036 M.
849 972 978 1036 domiuo
1013 973 1184 1056 prescripti
1221 975 1321 1037 castri
1358 980 1391 1039 et
1421 976 1601 1059 burgensi-

311 1080 371 1144 bus
395 1079 486 1146 robis
508 1078 748 1144 rationabiliter
780 1084 856 1141 sunt
883 1098 1036 1143 concessa
1066 1080 1159 1143 etin
1186 1081 1424 1163 presentiarum
1446 1082 1596 1165 hebetia,

312 1187 401 1252 vobis
425 1192 458 1251 et
481 1187 586 1251 eidem
609 1186 717 1249 domui
742 1190 801 1248 etc.
827 1205 929 1266 usque
953 1184 1195 1267 confirmamus,
1221 1191 1411 1269 statuentes,
1435 1195 1473 1252 ut
1494 1189 1596 1253 iuxta

311 1300 456 1358 tenorem
480 1293 601 1357 decreti
624 1292 726 1356 nostri
750 1291 944 1354 cimiterium
968 1297 1001 1355 et
1019 1291 1243 1374 presbyterum
1262 1314 1321 1375 per
1344 1294 1508 1358 diocesani
1533 1317 1596 1378 ap-

311 1400 535 1484 probationem
555 1419 681 1480 semper
700 1398 841 1480 episcopi
859 1396 1019 1462 habeatis.
1057 1397 1145 1461 Nulli
1169 1420 1244 1481 ergo
1269 1401 1398 1465 omnino
1421 1399 1596 1466 hominum

311 1507 409 1571 liceat
431 1506 644 1589 prescriptam
668 1504 797 1569 domum
821 1510 882 1568 ete.

312 1812 398 1877 295.
421 1813 584 1872 Alexander
605 1812 654 1871 111
678 1812 821 1888 fratribus
843 1811 970 1870 Maioris
992 1812 1165 1871 monosterii
1186 1812 1341 1886 interdicit,
1370 1833 1408 1872 ne
1434 1814 1484 1873 cai
1506 1814 1593 1874 aare

263 1915 267 1926 ’
422 1920 510 1992 mom,
534 1925 691 1995 animuum
713 1918 863 1991 emnerii,
887 1917 1041 1977 conadam
1062 1917 1106 1975 cel
1117 1919 1302 1992 prenrittaat.

470 2038 542 2092 Bibl.
561 2043 618 2092 nat.
638 2037 724 2091 Paris.
743 2055 794 2092 ms.
812 2037 861 2092 lat.
882 2037 968 2091 12879
987 2037 1034 2092 fol.
1055 2039 1114 2092 151.
1152 2036 1268 2108 Scripsit
1285 2038 1419 2094 Murteae.

135 2202 292 2262 1160-79
400 2198 585 2263 Alexander
608 2198 777 2280 episcopus
802 2219 913 2262 servus
937 2218 1102 2262 servorum
1125 2196 1187 2262 Dei
1215 2197 1342 2262 dilectis
1370 2197 1445 2263 filiis
1474 2200 1593 2264 abbati

148 2291 211 2351 0⁰¹⁵·
224 2293 274 2350 30·
313 2313 345 2371 et
374 2305 528 2369 fratribus
552 2305 686 2390 Maioris
709 2304 897 2369 monasterii
921 2304 1061 2368 salutem
1093 2309 1126 2368 et
1148 2305 1361 2387 apostolicam
1389 2304 1593 2372 benedictio-

311 2435 395 2477 nem.
442 2410 571 2492 Quanto
594 2411 827 2475 monasterium
853 2416 998 2474 vestrum
1025 2411 1059 2474 in
1086 2410 1293 2475 observantia
1320 2432 1433 2476 sacrae
1459 2413 1592 2496 religio·

312 2521 362 2584 nis
386 2517 544 2583 celebrius
568 2539 639 2582 esse
663 2518 871 2599 dignoscitur,
895 2522 988 2581 tanto
1007 2516 1049 2582 ab
1068 2517 1128 2598 his,
1149 2539 1233 2600 quae
1252 2518 1441 2583 scandalum
1464 2518 1594 2584 faciunt

311 2628 396 2690 inter
418 2625 520 2689 bonos
545 2628 577 2688 et
600 2622 641 2687 ad
665 2622 869 2706 dispendium
896 2625 1060 2705 pertinent
1087 2625 1282 2706 animarum,
1315 2625 1509 2708 propensius
1535 2647 1592 2692 vos

312 2732 460 2797 convenit
482 2729 656 2794 abstinere.
702 2730 895 2813 Accepimus
922 2737 1041 2812 autem,
1066 2731 1152 2813 quod
1171 2751 1211 2794 ex
1229 2729 1413 2812 aliquorum
1430 2731 1593 2797 instantia

313 2840 378 2904 sive
410 2837 560 2921 propriae
592 2836 767 2901 voluntatis
800 2835 935 2901 arbitrio
969 2837 1122 2901 ecclesias
1160 2843 1300 2918 vestras,
1314 2827 1367 2901 'in
1395 2837 1514 2919 quibus
1549 2838 1592 2902 ad

311 2967 367 3011 vos
381 2943 636 3027 repraesentatio
651 2943 793 3026 pertinet
810 2943 998 3024 sacerdotis,
1018 2948 1193 3028 antequam
1206 2948 1331 3025 vacent,
1356 2964 1592 3027 saepenumero
1659 2955 1660 2972 ¹

312 3050 508 3136 promittatis
542 3055 575 3113 et
606 3049 699 3131 quasi
731 3049 908 3114 homicidas
942 3047 1070 3112 faciatis
1103 3069 1168 3130 eos,
1202 3070 1283 3131 quos
1306 3049 1340 3112 in
1364 3052 1593 3134 expectatione

312 3159 425 3224 mortis
447 3156 568 3240 ponitis
592 3157 727 3220 alienae.
773 3155 813 3220 In
846 3177 910 3237 quo
942 3155 1020 3237 quia
1047 3177 1113 3220 non
1140 3154 1244 3219 solum
1271 3155 1411 3236 illorum,
1436 3157 1492 3238 qui
1516 3179 1592 3240 pro·

312 3265 480 3330 missiones
512 3263 563 3327 vel
595 3262 817 3327 eoncessiones
849 3261 932 3349 tales
965 3262 1142 3344 accipiunt,
1176 3261 1232 3326 sed
1255 3267 1436 3326 vestrarum
1459 3284 1592 3345 quoque

312 3372 397 3435 iacet
419 3367 598 3453 periculum
626 3368 820 3448 animarum,
850 3368 1055 3432 universitati
1081 3373 1208 3432 vestrae
1236 3366 1297 3431 sub
1324 3367 1592 3435 interminatione
1658 3427 1659 3432 ,

313 3478 412 3541 divini
443 3475 555 3538 iudicii
587 3479 620 3538 et
642 3474 929 3538 animadversionis
954 3474 1168 3558 apostolicae*
1199 3473 1419 3556 prohibemus,
1451 3496 1492 3540 ne
1515 3497 1600 3557 pro..

286 3646 288 3650 .
312 3583 497 3647 missionem
521 3582 586 3644 sive
610 3583 849 3645 concessionem
873 3579 1010 3645 alicuius
1034 3580 1199 3660 ecelesiae,
1224 3581 1286 3643 nisi
1304 3580 1395 3662 prius
1414 3584 1593 3664 vacaverit,

312 3689 445 3753 cuilibet
466 3687 604 3753 faciatis.
651 3687 718 3752 Nec
742 3709 781 3752 ex
804 3708 842 3753 eo
873 3687 980 3752 velitis
1013 3687 1253 3751 excusationem
1285 3686 1420 3769 habere,
1454 3688 1541 3769 quod
1572 3710 1595 3752 a

312 3795 422 3860 multis
444 3795 561 3860 videtis
584 3794 665 3858 talia
687 3794 879 3877 perpetrari,
904 3814 976 3858 cum
1001 3793 1178 3858 auctoritas
1202 3800 1234 3858 et
1256 3793 1429 3858 multitudo
1452 3815 1593 3876 peccan-

311 3901 393 3964 tium
406 3953 410 3961 .
424 3901 458 3964 in
492 3901 542 3964 die
574 3901 685 3968 iudicii
716 3900 798 3965 nihil
830 3899 1048 3964 excusationis
1081 3899 1291 3981 sequentibus
1323 3900 1427 3982 possit
1462 3898 1591 3964 afferre.

311 4006 377 4072 Nos
402 4007 486 4071 enim
510 4028 582 4070 cum
606 4007 693 4071 soliti
717 4028 861 4071 essemus
891 4004 1031 4070 scribere
1056 4006 1265 4070 ecclesiarum
1287 4005 1453 4088 praelatis,
1477 4011 1515 4069 ut
1537 4027 1592 4070 ec·

312 4113 444 4178 alesiam
467 4112 517 4177 vel
539 4112 732 4178 beneficium
756 4113 845 4177 aliud
869 4111 1124 4176 ecclesiasticum
1143 4111 1365 4193 concederent,
1386 4112 1473 4194 quod
1497 4113 1592 4195 prius

312 4227 452 4302 vacaret,
477 4220 673 4285 correximus
696 4225 811 4303 postea
834 4224 867 4283 et
885 4219 1091 4299 mutavimus,
1115 4219 1163 4282 ita
1187 4216 1387 4301 quodmodo
1410 4239 1474 4283 nou
1497 4239 1591 4282 man-

313 4326 437 4409 damus,
461 4332 498 4390 ut
515 4326 718 4408 beneficium,
734 4326 797 4390 nisi
811 4329 905 4390 vacet
920 4324 972 4389 vel
991 4344 1064 4388 cum
1082 4326 1255 4407 vacaverit,
1275 4325 1374 4389 alicui
1393 4323 1590 4390 conferatur.
1656 4359 1657 4387 r

311 4432 434 4497 Datum
454 4433 627 4515 Anagniae
649 4432 703 4497 ΙΠ
726 4430 885 4497 Calendas
908 4430 1108 4496 Novembris.

400 4617 412 4641 ¹
430 4613 566 4676 apostolice
583 4632 602 4662 e.
