3284 5184
280 245 344 309 252
671 262 855 317 0111111111
872 275 909 315 111
927 274 1095 316 1111111111
1113 261 1166 316 408

167 415 251 520 1194
279 428 350 488 tum
382 424 448 488 sive
477 422 518 487 ab
546 423 712 504 intestato,
736 422 806 488 Deo
829 428 975 505 vocante,
1000 413 1158 506 contingit
1182 422 1351 506 decedere,
1376 425 1578 508 episcopua,

161 506 336 612 Μ1131111
359 535 437 594 tunc
459 529 614 613 presidet,
637 551 689 594 res
715 529 868 612 defuncti,
892 529 1222 612 11111111111111111,
1247 537 1383 614 occupat
1401 531 1580 596 violenter

281 637 370 701 etin
393 659 471 702 usus
494 637 642 720 proprios
666 637 825 701 convertit
847 659 906 720 pro
930 657 987 701 sue
1012 637 1148 702 arbitrio
1175 637 1368 719 voluntatis,
1401 639 1450 702 ita
1475 637 1580 720 quod

279 764 340 808 nec
371 745 470 808 etiam
494 744 629 826 exequie
653 744 722 807 eius
755 741 1014 825 quandocunque
1042 743 1209 808 commode
1237 750 1374 827 possunt
1401 751 1434 810 et
1464 751 1579 829 prout

280 850 434 915 condecet
457 850 625 915 celebrari.
663 847 745 913 Cum
762 849 863 930 igitur
885 849 946 914 hoc
968 851 1088 915 rationi
1113 851 1156 914 sit
1179 852 1378 916 contrarium
1401 857 1434 915 et
1458 851 1578 916 sacris

279 956 429 1020 videatur
452 957 630 1022 canonibus
655 955 800 1037 obviare,
829 957 1025 1021 auctoritate
1054 958 1254 1039 presentium
1278 957 1414 1023 firmiter
1435 958 1577 1023 inhibe·

280 1085 351 1128 mus
376 1069 409 1127 et
432 1063 491 1128 sub
517 1062 724 1128 anathemate
746 1061 980 1144 interdicimus
1005 1085 1046 1128 ne
1066 1064 1236 1147 episcopus
1259 1064 1310 1128 vel
1333 1065 1453 1148 aliquis
1478 1065 1576 1130 alius

279 1168 377 1233 rebus
402 1169 587 1234 decedentis
611 1169 767 1250 canonici,
791 1169 905 1233 testati
927 1170 1087 1252 videlicet,
1112 1191 1245 1234 manum
1263 1171 1438 1236 violentam
1463 1193 1576 1256 appo-

279 1296 358 1340 nere
381 1275 514 1356 audeat,
548 1274 606 1340 sed
633 1275 749 1339 ultima
782 1276 851 1358 ejus
878 1275 1028 1340 voluntas
1057 1283 1276 1342 consentanea
1299 1278 1478 1343 canonibus
1509 1278 1575 1344 ob-

281 1387 436 1446 servetur.
484 1381 519 1446 si
543 1403 640 1464 quem
661 1403 744 1447 vero·
761 1383 954 1447 intestatum
977 1383 1060 1448 mori
1083 1385 1277 1466 contigerit,
1290 1406 1343 1449 res
1367 1386 1436 1449 eius
1461 1385 1574 1448 eccle-

282 1489 328 1553 sie
351 1494 457 1552 vestre
477 1488 595 1552 cedant
618 1489 754 1553 utilitati
777 1488 828 1552 vel
851 1489 926 1570 illis,
947 1489 1064 1571 quibus
1085 1489 1197 1554 eedem
1217 1491 1256 1554 de
1275 1492 1345 1555 iure
1365 1491 1486 1556 fuerint
1512 1491 1574 1556 de-

280 1593 445 1659 volvende.
483 1594 606 1659 Datum
629 1595 732 1661 Rome
756 1595 843 1678 apud
867 1600 1016 1660 sanctum
1034 1594 1169 1661 Petrum
1187 1596 1218 1662 V
1236 1596 1345 1664 Nonas
1368 1598 1460 1680 Maii,
1483 1622 1574 1682 pon-

282 1699 426 1765 tificatus
450 1702 553 1767 nostri
577 1724 661 1767 anno
686 1708 813 1784 quarto.

281 1917 375 1983 408.
400 1920 578 1980 Caelestinus
600 1920 652 1979 HI
678 1921 785 1998 fratres
816 1920 972 1994 hospitatis
1007 1921 1036 1980 S.
1063 1921 1190 1982 11111111
1211 1924 1392 1984 Arelatensis
1419 1923 1571 1996 hortatur,

392 2046 429 2086 11
451 2027 610 2116 sententias
632 2027 667 2085 ab
691 2027 905 2101 archiepiscopo
928 2027 1004 2086 lotos
1021 2029 1250 2103 parvipendant.

460 2145 533 2201 Bibl·
552 2152 609 2201 nst.
629 2146 716 2200 Paris.
737 2145 806 2200 Ooll.
826 2145 930 2200 Baluze
948 2145 991 2200 88.
1019 2145 1067 2200 fol.
1087 2148 1129 2202 56.
1159 2165 1247 2203 manu
1265 2166 1286 2203 1.
1306 2163 1384 2204 xvn.

171 2292 255 2354 1194
373 2286 554 2353 Gelestinus
590 2290 759 2372 episcopus
793 2309 904 2352 servus
933 2308 1098 2353 servorum
1121 2290 1184 2355 Dei
1212 2290 1340 2356 dilectis
1363 2290 1439 2355 filiis
1462 2292 1571 2375 priori

165 2383 264 2442 11819·
285 2401 318 2458 11
340 2394 496 2460 fratribus
524 2396 695 2479 hospitalis
723 2395 879 2460 ecclesiae
907 2394 939 2458 S.
964 2394 1108 2460 Thomas
1131 2396 1334 2462 Arelatensis
1363 2398 1505 2463 salutem
1535 2405 1572 2462 et

284 2501 497 2585 apostolicam
527 2502 795 2567 benedictionem.
842 2502 957 2566 Mirari
988 2503 1133 2584 cogimur
1164 2503 1339 2586 plurimum
1371 2510 1404 2568 et
1430 2506 1569 2586 moveri,

284 2607 372 2690 quod
394 2630 450 2672 vos
474 2607 651 2692 privilegiis
676 2615 709 2673 et
734 2609 1010 2688 immunitatibus,
1039 2631 1122 2691 quae
1150 2616 1278 2674 vestrae
1304 2610 1454 2693 religioni
1477 2611 1570 2675 circa

284 2736 362 2779 suae
385 2709 564 2798 primordia
586 2716 739 2781 nouitatis
767 2715 859 2780 favor
886 2715 1084 2798 apostolicae
1112 2716 1324 2799 benignitatis
1347 2717 1498 2799 indulsit,
1531 2719 1570 2781 in

284 2823 463 2886 communis
490 2823 570 2885 iuris
599 2823 751 2886 iniuriam
780 2821 952 2887 abutentes
986 2821 1290 2888 confraternitatum
1319 2825 1488 2890 occasione
1512 2845 1569 2887 11-

284 2933 440 3010 strarum,
474 2950 547 2992 cum
581 2929 739 3012 contingit
769 2951 828 3011 pro
861 2929 952 3011 gravi
983 2949 1117 2992 excessu
1150 2930 1315 2994 civitatem
1346 2930 1398 2994 111
1424 2930 1569 3012 burgum

284 3034 511 3100 Arelatensem
535 3057 554 3100 a
578 3058 636 3100 suo
660 3035 922 3119 archiepiscopo1
945 3034 1119 3100 interdicto
1144 3039 1291 3120 supponi,
1315 3038 1508 3102 interdictos
1533 3045 1571 3102 et

285 3143 579 3227 excommunicatos
604 3141 798 3224 quandoque
826 3141 869 3206 ad
898 3141 1007 3206 divina
1033 3143 1179 3225 recipitis
1209 3148 1242 3207 et
1271 3143 1330 3208 sub
1354 3143 1468 3208 eadem
1493 3165 1569 3208 sen-

284 3249 389 3313 tentia
413 3247 605 3314 decedentes
631 3248 871 3312 ecclesiasticae
888 3249 1029 3330 traditis,
1052 3249 1306 3314 reclamantibus
1325 3251 1439 3314 vicinis
1463 3250 1568 3314 eccle·

286 3356 352 3437 siis,
377 3354 573 3438 sepulturae,
598 3376 708 3420 omnes
731 3354 805 3418 illos
828 3355 1009 3437 reputando
1033 3354 1227 3436 confratres,
1254 3376 1274 3419 a
1297 3357 1415 3438 quibus
1439 3356 1569 3438 aliquid

285 3462 430 3545 recipitis
460 3463 641 3544 annuatim,
674 3462 751 3526 licet
774 3482 838 3526 non
867 3462 932 3525 sint
956 3461 995 3525 de
1018 3460 1143 3525 familia
1169 3467 1278 3525 111111
1305 3483 1365 3526 111
1388 3463 1487 3526 etiam
1512 3484 1567 3527 oa-

285 3574 411 3632 ractere
443 3567 609 3650 religionis
631 3559 760 3632 iestrae
788 3569 968 3650 signentur3
1003 3573 1036 3632 et
1069 3568 1125 3648 sio,
1159 3567 1380 3632 ecclesiastica
1411 3574 1568 3634 enervata

287 3675 461 3755 sententia,
492 3674 568 3738 dum
591 3674 718 3757 praetio
747 3675 1040 3739 excommunicatos
1069 3679 1102 3738 et
1125 3674 1315 3740 interdictos
1338 3675 1430 3742 vobis
1458 3676 1568 3740 minus

286 3782 464 3865 prudenter
486 3779 652 3844 attrahitis
676 3786 709 3844 et
732 3780 842 3845 divina
861 3782 907 3846 eis
930 3779 1128 3864 impenditis,
1153 3781 1312 3845 iustitiam
1336 3802 1568 3864 oppressorum

288 3889 446 3970 contingit
469 3888 658 3970 saepissime
682 3887 839 3971 deperire.
886 3885 934 3952 Ne
961 3888 1062 3969 igitur
1084 3908 1143 3970 per
1172 3887 1362 3953 abusionem
1386 3889 1567 3952 concessio-

287 4017 365 4059 num
387 3992 479 4060 vobis
502 4014 523 4057 a
546 3993 622 4057 sede
646 3995 826 4077 apostolica
844 3993 1043 4058 indultarum
1063 4015 1217 4058 concessa
1235 3994 1326 4059 vobis
1349 3994 1466 4058 merito
1490 3993 1566 4058 sub-

287 4101 461 4166 trahantur
494 4105 526 4165 et
562 4100 699 4165 ecclesia
730 4100 894 4182 Romana,
933 4121 1016 4182 quae
1048 4099 1206 4164 hactenus
1243 4106 1386 4164 vestrum
1419 4099 1566 4164 ordinem

288 4209 433 4292 paternis
457 4206 626 4272 affectibus
650 4207 828 4290 ampliavit,
862 4205 904 4271 ad
933 4205 1064 4270 crebras
1094 4207 1361 4289 conquerentium
1387 4227 1482 4284 voces
1508 4206 1565 4270 ali-

288 4315 366 4398 quid
381 4337 500 4381 novum
514 4320 658 4379 statuere
671 4313 912 4397 compellaturb,
937 4334 995 4396 per
1013 4311 1101 4395 quod
1125 4312 1280 4386 ecclesiae
1303 4312 1391 4394 rigor
1414 4333 1434 4376 a
1456 4319 1566 4377 vestra

376 4500 388 4523 ⁸
406 4495 574 4544 inconsultius
591 4514 610 4544 1.
683 4490 696 4523 b
714 4494 872 4558 compelletis
890 4512 910 4542 1.

378 4599 388 4628 ¹
407 4598 538 4652 Imberto.
