3336 5184
494 319 682 374 Anuxnnnur
700 331 737 372 111
755 332 921 376 nrrsronan
940 321 992 376 240
1312 307 1373 368 133

103 486 134 543 te
165 485 199 543 et
232 478 426 544 Mauricinm
449 477 667 544 Parisiensem
699 479 886 562 episcopum
918 500 1015 563 super
1045 480 1214 544 ecclesiam
1236 479 1268 545 S.
1294 480 1373 545 Ger·
1424 488 1508 549 1163

102 585 189 649 mani
212 585 248 648 in
270 584 353 650 Laia
376 590 410 648 et
432 585 591 668 capellam
610 583 642 650 S.
662 584 790 666 Aegidii
814 606 886 649 cum
909 586 1064 669 parochia
1089 608 1149 652 sua
1172 592 1204 651 et
1227 587 1374 652 omnibus
1391 578 1525 652 ᾹΡῐ-ἳθ·

102 691 143 755 ad
164 691 369 774 praedictam
392 691 560 756 ecclesiam
580 691 683 755 sancti
702 690 858 756 Germani
878 693 1127 776 pertinentibus,
1152 693 1277 757 dilectis
1299 692 1374 757 filiis

100 798 221 862 nostris
246 797 366 861 Milone
389 796 639 863 Mediolanensis
672 797 828 862 ecclesiae
856 799 1135 883 archipresbytero
1161 805 1194 864 et
1212 797 1377 866 Osmundo

100 903 281 968 Parisiensi
292 905 445 969 canonico
456 903 684 985 mediantibus,
695 904 933 970 rationabiliter
946 906 1032 970 facta
1045 911 1105 986 est,
1121 907 1205 970 sicut
1217 906 1251 970 in
1265 912 1377 972 auten-

100 1013 164 1078 tico
189 1013 313 1094 scripto
336 1010 452 1075 exinde
475 1010 583 1075 factol
606 1010 751 1074 noscitur
769 1011 936 1092 contineri,
961 1012 1021 1076 tibi
1045 1017 1077 1076 et
1095 1033 1153 1095 per
1170 1017 1203 1077 te
1222 1013 1376 1078 ecclesiae

101 1123 182 1182 tuae.
203 1118 401 1183 auctoritate
425 1116 603 1200 apostolica
625 1115 792 1180 firmamus
816 1121 849 1180 et
866 1119 1048 1199 praesentis
1068 1118 1179 1201 scripti
1197 1120 1376 1201 patrocinio

100 1225 337 1290 communimus
367 1229 560 1304 statuentes,
584 1229 621 1286 ut
643 1222 723 1286 nulli
747 1224 876 1288 omnino
903 1223 1069 1290 hominum
1096 1224 1193 1289 liceat
1215 1224 1298 1289 hanc
1320 1247 1376 1308 pa-

100 1331 214 1412 ginam
237 1336 368 1395 nostrae
392 1328 646 1395 confirmati0nis
674 1329 847 1411 iufringere
874 1331 924 1394 vel
952 1331 981 1394 ei
1005 1330 1208 1413 aliquatenus
1237 1330 1375 1396 obviare.

10 1417 11 1428 ¹
101 1436 136 1502 Si
160 1438 237 1519 quis
260 1442 369 1500 autem
396 1436 457 1501 hoo
485 1441 679 1519 attemptare
702 1437 970 1520 praesumpserit,
994 1437 1221 1520 omnipotentis
1244 1435 1306 1500 Dei
1328 1437 1375 1500 in-

102 1543 326 1626 dignationem
349 1548 382 1607 et
404 1541 574 1607 beatorum
596 1542 687 1606 Petri
718 1549 750 1608 et
767 1543 863 1608 Pauli
891 1543 1110 1625 apostolorum
1133 1543 1201 1607 eius
1225 1564 1259 1606 se
1282 1563 1375 1608 nove·

101 1651 144 1714 rit
167 1651 385 1715 incursurum.
432 1647 554 1712 Datum
576 1648 722 1713 Parisius
745 1648 814 1712 XII
837 1648 1002 1714 Kalendas
1025 1649 1114 1713 Maii.

99 1989 194 2055 240.
219 1991 383 2050 Alexander
396 1992 448 2050 III
464 1991 612 2049 universis
628 1991 711 2066 repni
724 1991 907 2050 Flaccorum
929 1991 1072 2067 fidelibus,
1096 1992 1149 2068 qni
1171 1991 1209 2051 ad
1231 1991 1375 2049 comam

216 2098 246 2157 S.
264 2097 440 2158 Gcrncanide
458 2097 559 2156 Pratis
576 2116 595 2155 a
613 2116 673 2156 sese
690 2103 885 2156 consecratam
907 2116 927 2156 a
948 2097 994 2160 dic
1018 2099 1055 2155 21
1073 2117 1112 2156 nn.
1131 2100 1202 2174 Apr.
1225 2116 1317 2173 nsque
1338 2097 1377 2156 ad

213 2204 238 2262 d.
258 2203 294 2262 19
306 2204 383 2262 Maii
402 2204 579 2278 accesserint,
599 2204 811 2280 indulgentium
828 2205 984 2280 promittit.
1017 2205 1106 2263 Addit
1123 2205 1157 2263 dc
1174 2204 1375 2262 anniuersario

215 2309 404 2369 dedicationis
426 2309 479 2368 die.

397 2411 514 2498 Autogr.
533 2410 562 2464 in
582 2410 668 2465 tabul.
687 2416 744 2466 nat.
764 2410 850 2466 Paris.
870 2411 901 2466 L.
921 2411 1019 2466 23011.
1039 2410 1080 2465 18.

189 2570 376 2635 Alexander
399 2570 568 2654 episcopus
600 2591 710 2635 servus
735 2593 900 2637 servorum
923 2571 985 2636 Dei
1008 2570 1166 2634 universis
1189 2570 1252 2635 Dei
1274 2568 1375 2636 fideli·
1423 2560 1507 2639 '1163

87 2680 162 2766 ,bus
186 2699 245 2762 per
267 2698 402 2760 regnum
419 2675 621 2741 Francorum
640 2679 824 2743 constitutis
844 2677 981 2742 salutem
1001 2682 1033 2741 et
1052 2676 1262 2760 apostolicam
1280 2677 1375 2743 bene·
1393 2670 1466 2744 APT-
1479 2671 1528 2729 22·

97 2785 285 2850 dictionem.
333 2782 463 2848 Certum
492 2788 541 2846 est
569 2789 601 2848 et
623 2784 800 2848 multarum
823 2784 1056 2867 scripturarum
1083 2784 1268 2848 testimonio
1291 2806 1375 2849 com-

95 2891 283 2975 probatum,
308 2890 447 2973 qualiter
470 2889 566 2954 beato
589 2889 688 2954 Petro
711 2891 853 2956 celorum
875 2891 965 2973 regni
989 2890 1149 2973 clavigero
1173 2890 1320 2954 dominus
1344 2897 1376 2955 et

96 2998 287 3080 redemptor
318 3001 428 3061 noster
461 2995 608 3060 Christus
640 2996 756 3061 Ihesus
787 2997 910 3078 ligandi
943 3002 1041 3078 atque
1074 2996 1217 3060 solvendi
1247 2997 1375 3080 plenam

98 3104 219 3168 tribuit
242 3107 436 3186 potestatem
467 3101 531 3165 illis
560 3103 713 3186 precipue
741 3103 862 3184 verbis,
888 3102 1005 3185 quibus
1028 3102 1155 3167 locutus
1178 3109 1228 3166 est
1252 3103 1373 3168 dicens:

98 3211 171 3292 „Tu
196 3231 231 3274 es
249 3208 365 3274 Petrus
389 3214 422 3272 et
441 3229 537 3291 super
555 3207 638 3273 hanc
656 3214 782 3291 petram
806 3207 985 3273 hedificabo
1012 3208 1180 3273 ecclesiam
1203 3231 1318 3292 meam,
1343 3217 1376 3275 et

98 3317 326 3400 quodcumque
348 3315 499 3397 ligaveris
519 3336 616 3398 super
633 3321 764 3396 terram,
781 3316 843 3379 erit
860 3315 994 3396 ligatum
1014 3321 1046 3379 et
1063 3315 1097 3378 in
1116 3315 1203 3396 celis,
1224 3322 1256 3380 et
1275 3317 1374 3398 quod-

98 3444 240 3506 cumque
263 3422 396 3487 solveris
416 3442 512 3504 super
534 3427 665 3502 terram,
691 3422 752 3484 erit
771 3422 911 3486 solutum
930 3421 1013 3484 etin
1032 3422 1161 3486 celis“²
1183 3421 1278 3486 Hanc
1301 3444 1374 3488 ean-

98 3531 174 3595 dem
206 3533 401 3611 potestatem
434 3527 557 3591 cunctis
590 3526 829 3592 successoribus
857 3528 925 3592 eius
958 3527 999 3591 ab
1024 3528 1135 3592 eodem
1158 3527 1374 3612 Redemptore

97 3641 212 3701 nostro
238 3633 335 3698 fuisse
359 3634 520 3714 collatam,
545 3634 686 3715 anullo,
719 3635 774 3717 qui
798 3655 964 3699 sacrarum
987 3633 1107 3698 habeat
1129 3634 1374 3717 intelligentiam

99 3744 346 3824 scripturarum,
371 3740 531 3804 credimus
550 3741 701 3823 ignorari.
738 3739 790 3804 Ex
813 3762 852 3805 ea
875 3740 985 3822 itaque
1008 3745 1169 3822 potestate
1192 3741 1295 3822 nobis,
1319 3742 1374 3822 qui

17 3869 22 3876 ·
99 3851 134 3913 in
157 3847 248 3911 beati
270 3846 361 3911 Petri
395 3846 549 3911 cathedra
577 3847 654 3911 licet
675 3834 807 3929 ¹indigni
830 3847 1053 3929 successimus,
1082 3847 1253 3912 adomino
1276 3846 1374 3910 Ihesu

99 3954 231 4019 Christo
255 3974 417 4034 concessa,
442 3975 514 4016 cum
539 3953 675 4016 ecclesia
698 3952 729 4018 S.
755 3952 911 4019 Germani
932 3953 1136 4035 Parisiensis,
1161 3975 1222 4035 que
1245 3954 1373 4036 proprie

100 4061 144 4126 ad
166 4062 218 4124 ius
238 4068 442 4124 sacrosancte
459 4060 606 4126 Romane
625 4059 759 4124 ecclesie
778 4061 928 4143 pertinet,
948 4083 1063 4124 munus
1083 4059 1293 4125 dedicationis
1317 4059 1374 4122 im-

99 4167 301 4251 pendimusss,
333 4167 372 4232 de
401 4167 562 4232 communi
589 4165 727 4230 fratrum
754 4172 938 4231 nostrorum
967 4167 1190 4250 episcoporum
1217 4170 1250 4228 et
1272 4163 1374 4228 cardi·

100 4274 225 4338 nalium
249 4274 382 4339 consilio
401 4295 501 4338 unum
520 4294 640 4336 annum
659 4272 698 4336 de
716 4273 861 4336 iniuncta
879 4274 1057 4356 penitentia
1076 4273 1199 4336 cunctis
1224 4270 1275 4335 dei
1298 4269 1374 4334 fide-

101 4380 188 4445 libus
213 4402 232 4444 a
256 4380 307 4446 die
331 4380 543 4445 dedicationis
576 4400 678 4461 usque
711 4377 753 4443 ad
785 4384 916 4444 octavas
943 4384 1145 4461 pentecostes
1172 4377 1249 4441 illuc
1277 4398 1374 4441 causa

193 4559 204 4588 ¹
221 4557 294 4613 Vide
313 4557 387 4614 Gall.
406 4556 506 4612 Christ.
526 4557 603 4612 VIII
621 4557 704 4611 Instr.
723 4573 742 4626 p
761 4555 820 4609 338.
898 4556 908 4586 ⁹
925 4555 1026 4610 Matth.
1038 4555 1080 4622 lc,
1091 4554 1124 4608 18
1134 4561 1162 4610 et
1172 4555 1214 4609 19.
1295 4554 1375 4608 ³Die

104 4647 136 4699 21
157 4646 234 4718 Apa,
253 4646 306 4701 vid.
325 4647 398 4703 Jaffe
415 4647 484 4717 Reg.
503 4645 584 4702 Pont.
603 4646 684 4700 Rom.
703 4663 730 4716 p.
750 4645 809 4700 691.
