<?xml version="1.0" encoding="UTF-8"?>
<!DOCTYPE html PUBLIC "-//W3C//DTD XHTML 1.0 Transitional//EN"
    "http://www.w3.org/TR/xhtml1/DTD/xhtml1-transitional.dtd">
<html xmlns="http://www.w3.org/1999/xhtml" xml:lang="en" lang="en">
 <head>
  <title>
</title>
<meta http-equiv="Content-Type" content="text/html;charset=utf-8" />
  <meta name='ocr-system' content='tesseract 3.04.00' />
  <meta name='ocr-capabilities' content='ocr_page ocr_carea ocr_par ocr_line ocrx_word'/>
</head>
<body>
  <div class='ocr_page' id='page_1' title='image "./epistolaepontif02popegoog/epistolaepontif02popegoog_0177.png"; bbox 0 0 3336 5184; ppageno 0'>
   <div class='ocr_carea' id='block_1_1' title="bbox 293 288 1177 360">
    <p class='ocr_par' dir='ltr' id='par_1_1' title="bbox 293 288 1177 360">
     <span class='ocr_line' id='line_1_1' title="bbox 293 288 1177 360; baseline 0.014 -13"><span class='ocrx_word' id='word_1_1' title='bbox 293 288 355 348; x_wconf 84' lang='lat'>160</span> <span class='ocrx_word' id='word_1_2' title='bbox 676 304 865 357; x_wconf 76' lang='lat' dir='ltr'>Anaxarurur</span> <span class='ocrx_word' id='word_1_3' title='bbox 883 317 921 356; x_wconf 91' lang='lat'>111</span> <span class='ocrx_word' id='word_1_4' title='bbox 938 317 1106 358; x_wconf 79' lang='lat' dir='ltr'>nrrsroumr</span> <span class='ocrx_word' id='word_1_5' title='bbox 1125 304 1177 360; x_wconf 81' lang='lat'>280</span> 
     </span>
    </p>
   </div>
   <div class='ocr_carea' id='block_1_2' title="bbox 175 460 1660 1718">
    <p class='ocr_par' dir='ltr' id='par_1_2' title="bbox 175 460 1660 1718">
     <span class='ocr_line' id='line_1_2' title="bbox 175 460 1660 553; baseline 0.004 -28"><span class='ocrx_word' id='word_1_6' title='bbox 175 460 271 518; x_wconf 84' lang='grc'><strong>1178.</strong></span> <span class='ocrx_word' id='word_1_7' title='bbox 290 483 371 542; x_wconf 91' lang='lat' dir='ltr'>mus,</span> <span class='ocrx_word' id='word_1_8' title='bbox 397 462 423 526; x_wconf 91' lang='lat' dir='ltr'>si</span> <span class='ocrx_word' id='word_1_9' title='bbox 448 461 577 544; x_wconf 89' lang='lat' dir='ltr'>quando</span> <span class='ocrx_word' id='word_1_10' title='bbox 602 462 643 527; x_wconf 88' lang='lat' dir='ltr'>ad</span> <span class='ocrx_word' id='word_1_11' title='bbox 664 469 812 553; x_wconf 88' lang='lat' dir='ltr'>nostram</span> <span class='ocrx_word' id='word_1_12' title='bbox 840 462 1039 528; x_wconf 89' lang='lat' dir='ltr'>audientiam</span> <span class='ocrx_word' id='word_1_13' title='bbox 1066 464 1287 547; x_wconf 86' lang='lat' dir='ltr'>perferuntur,</span> <span class='ocrx_word' id='word_1_14' title='bbox 1318 465 1496 547; x_wconf 88' lang='lat' dir='ltr'>inquibus</span> <span class='ocrx_word' id='word_1_15' title='bbox 1523 487 1586 530; x_wconf 86' lang='lat' dir='ltr'>sa·</span> <span class='ocrx_word' id='word_1_16' title='bbox 1659 495 1660 508; x_wconf 52' lang='lat'>¹</span> 
     </span>
     <span class='ocr_line' id='line_1_3' title="bbox 290 568 1584 663; baseline 0.005 -33"><span class='ocrx_word' id='word_1_17' title='bbox 290 569 350 632; x_wconf 90' lang='lat' dir='ltr'>luti</span> <span class='ocrx_word' id='word_1_18' title='bbox 373 569 459 650; x_wconf 81' lang='lat' dir='ltr'>regie</span> <span class='ocrx_word' id='word_1_19' title='bbox 483 590 547 633; x_wconf 92' lang='lat' dir='ltr'>non</span> <span class='ocrx_word' id='word_1_20' title='bbox 575 568 781 634; x_wconf 83' lang='lat' dir='ltr'>mediocriter</span> <span class='ocrx_word' id='word_1_21' title='bbox 813 569 996 652; x_wconf 86' lang='lat' dir='ltr'>derogatur.</span> <span class='ocrx_word' id='word_1_22' title='bbox 1043 569 1093 634; x_wconf 83' lang='lat' dir='ltr'>Ex</span> <span class='ocrx_word' id='word_1_23' title='bbox 1116 571 1272 663; x_wconf 80' lang='lat' dir='ltr'>relatione</span> <span class='ocrx_word' id='word_1_24' title='bbox 1304 571 1464 653; x_wconf 84' lang='lat' dir='ltr'>siquidem</span> <span class='ocrx_word' id='word_1_25' title='bbox 1488 573 1584 636; x_wconf 90' lang='lat' dir='ltr'>mul-</span> 
     </span>
     <span class='ocr_line' id='line_1_4' title="bbox 290 675 1582 757; baseline 0.003 -19"><span class='ocrx_word' id='word_1_26' title='bbox 290 680 397 739; x_wconf 84' lang='lat' dir='ltr'>torum</span> <span class='ocrx_word' id='word_1_27' title='bbox 425 675 623 757; x_wconf 87' lang='lat' dir='ltr'>accepimus,</span> <span class='ocrx_word' id='word_1_28' title='bbox 657 675 743 757; x_wconf 89' lang='lat' dir='ltr'>quod</span> <span class='ocrx_word' id='word_1_29' title='bbox 772 675 918 740; x_wconf 91' lang='lat' dir='ltr'>redditus</span> <span class='ocrx_word' id='word_1_30' title='bbox 947 676 1082 741; x_wconf 82' lang='lat' dir='ltr'>ecclesie</span> <span class='ocrx_word' id='word_1_31' title='bbox 1105 676 1335 742; x_wconf 83' lang='lat' dir='ltr'>Cathacensis1</span> <span class='ocrx_word' id='word_1_32' title='bbox 1357 678 1429 742; x_wconf 92' lang='lat' dir='ltr'>Phi.</span> <span class='ocrx_word' id='word_1_33' title='bbox 1464 679 1582 744; x_wconf 86' lang='lat' dir='ltr'>archi-</span> 
     </span>
     <span class='ocr_line' id='line_1_5' title="bbox 291 779 1581 868; baseline 0.006 -26"><span class='ocrx_word' id='word_1_34' title='bbox 291 779 425 845; x_wconf 90' lang='lat' dir='ltr'>diacono</span> <span class='ocrx_word' id='word_1_35' title='bbox 450 779 625 847; x_wconf 83' lang='lat' dir='ltr'>Cusentino</span> <span class='ocrx_word' id='word_1_36' title='bbox 652 803 755 865; x_wconf 90' lang='lat' dir='ltr'>nuper</span> <span class='ocrx_word' id='word_1_37' title='bbox 783 784 994 862; x_wconf 79' lang='lat' dir='ltr'>concesseris3</span> <span class='ocrx_word' id='word_1_38' title='bbox 1026 784 1060 847; x_wconf 91' lang='lat' dir='ltr'>in</span> <span class='ocrx_word' id='word_1_39' title='bbox 1087 805 1152 865; x_wconf 94' lang='lat' dir='ltr'>quo</span> <span class='ocrx_word' id='word_1_40' title='bbox 1179 784 1363 848; x_wconf 89' lang='lat' dir='ltr'>celsitudini</span> <span class='ocrx_word' id='word_1_41' title='bbox 1390 786 1581 868; x_wconf 73' lang='lat' dir='ltr'>tue‘pluri-</span> 
     </span>
     <span class='ocr_line' id='line_1_6' title="bbox 290 887 1580 978; baseline 0.005 -28"><span class='ocrx_word' id='word_1_42' title='bbox 290 907 377 951; x_wconf 89' lang='lat' dir='ltr'>mum</span> <span class='ocrx_word' id='word_1_43' title='bbox 410 887 580 952; x_wconf 70' lang='lat' dir='ltr'>detraxisti</span> <span class='ocrx_word' id='word_1_44' title='bbox 613 909 686 952; x_wconf 89' lang='lat' dir='ltr'>cum</span> <span class='ocrx_word' id='word_1_45' title='bbox 717 888 863 953; x_wconf 89' lang='lat' dir='ltr'>redditus</span> <span class='ocrx_word' id='word_1_46' title='bbox 895 891 1041 978; x_wconf 81' lang='lat' dir='ltr'>vacantis</span> <span class='ocrx_word' id='word_1_47' title='bbox 1074 889 1264 971; x_wconf 90' lang='lat' dir='ltr'>aecclesiae,</span> <span class='ocrx_word' id='word_1_48' title='bbox 1298 912 1360 973; x_wconf 88' lang='lat' dir='ltr'>que</span> <span class='ocrx_word' id='word_1_49' title='bbox 1388 891 1475 956; x_wconf 90' lang='lat' dir='ltr'>ultra</span> <span class='ocrx_word' id='word_1_50' title='bbox 1502 897 1580 956; x_wconf 89' lang='lat' dir='ltr'>tres</span> 
     </span>
     <span class='ocr_line' id='line_1_7' title="bbox 290 994 1580 1076; baseline 0.005 -21"><span class='ocrx_word' id='word_1_51' title='bbox 290 1012 415 1056; x_wconf 89' lang='lat' dir='ltr'>menses</span> <span class='ocrx_word' id='word_1_52' title='bbox 439 1014 555 1058; x_wconf 86' lang='lat' dir='ltr'>vacare</span> <span class='ocrx_word' id='word_1_53' title='bbox 588 1016 652 1059; x_wconf 92' lang='lat' dir='ltr'>non</span> <span class='ocrx_word' id='word_1_54' title='bbox 685 994 796 1076; x_wconf 89' lang='lat' dir='ltr'>debet,</span> <span class='ocrx_word' id='word_1_55' title='bbox 829 994 938 1062; x_wconf 79' lang='lat' dir='ltr'>futuro</span> <span class='ocrx_word' id='word_1_56' title='bbox 967 997 1106 1060; x_wconf 86' lang='lat' dir='ltr'>antistiti</span> <span class='ocrx_word' id='word_1_57' title='bbox 1130 996 1305 1062; x_wconf 82' lang='lat' dir='ltr'>studiosius</span> <span class='ocrx_word' id='word_1_58' title='bbox 1330 997 1471 1062; x_wconf 87' lang='lat' dir='ltr'>debeant</span> <span class='ocrx_word' id='word_1_59' title='bbox 1494 1020 1580 1063; x_wconf 91' lang='lat' dir='ltr'>con-</span> 
     </span>
     <span class='ocr_line' id='line_1_8' title="bbox 290 1097 1577 1185; baseline 0.005 -23"><span class='ocrx_word' id='word_1_60' title='bbox 290 1099 420 1162; x_wconf 86' lang='lat' dir='ltr'>servari.</span> <span class='ocrx_word' id='word_1_61' title='bbox 469 1097 628 1180; x_wconf 78' lang='lat' dir='ltr'>Quocirca</span> <span class='ocrx_word' id='word_1_62' title='bbox 656 1103 864 1166; x_wconf 88' lang='lat' dir='ltr'>serenitatem</span> <span class='ocrx_word' id='word_1_63' title='bbox 894 1103 1017 1185; x_wconf 88' lang='lat' dir='ltr'>regiam</span> <span class='ocrx_word' id='word_1_64' title='bbox 1045 1124 1212 1168; x_wconf 90' lang='lat' dir='ltr'>monemus</span> <span class='ocrx_word' id='word_1_65' title='bbox 1245 1105 1401 1168; x_wconf 87' lang='lat' dir='ltr'>attentius</span> <span class='ocrx_word' id='word_1_66' title='bbox 1434 1111 1468 1169; x_wconf 91' lang='lat' dir='ltr'>et</span> <span class='ocrx_word' id='word_1_67' title='bbox 1494 1105 1577 1170; x_wconf 90' lang='lat' dir='ltr'>hor-</span> 
     </span>
     <span class='ocr_line' id='line_1_9' title="bbox 289 1206 1576 1293; baseline 0.005 -25"><span class='ocrx_word' id='word_1_68' title='bbox 289 1213 411 1286; x_wconf 86' lang='lat' dir='ltr'>tamur,</span> <span class='ocrx_word' id='word_1_69' title='bbox 445 1207 598 1288; x_wconf 88' lang='lat' dir='ltr'>quatinus</span> <span class='ocrx_word' id='word_1_70' title='bbox 631 1206 731 1270; x_wconf 84' lang='lat' dir='ltr'>divini</span> <span class='ocrx_word' id='word_1_71' title='bbox 763 1209 883 1272; x_wconf 90' lang='lat' dir='ltr'>amoris</span> <span class='ocrx_word' id='word_1_72' title='bbox 915 1210 1036 1273; x_wconf 89' lang='lat' dir='ltr'>intuitu</span> <span class='ocrx_word' id='word_1_73' title='bbox 1068 1215 1101 1273; x_wconf 89' lang='lat' dir='ltr'>et</span> <span class='ocrx_word' id='word_1_74' title='bbox 1132 1211 1261 1293; x_wconf 90' lang='lat' dir='ltr'>proprie</span> <span class='ocrx_word' id='word_1_75' title='bbox 1286 1211 1400 1275; x_wconf 87' lang='lat' dir='ltr'>salutis</span> <span class='ocrx_word' id='word_1_76' title='bbox 1431 1211 1576 1276; x_wconf 87' lang='lat' dir='ltr'>obtentu</span> 
     </span>
     <span class='ocr_line' id='line_1_10' title="bbox 288 1311 1574 1401; baseline 0.007 -27"><span class='ocrx_word' id='word_1_77' title='bbox 288 1311 410 1376; x_wconf 88' lang='lat' dir='ltr'>factum</span> <span class='ocrx_word' id='word_1_78' title='bbox 433 1317 526 1374; x_wconf 91' lang='lat' dir='ltr'>tuum</span> <span class='ocrx_word' id='word_1_79' title='bbox 549 1335 613 1377; x_wconf 91' lang='lat' dir='ltr'>non</span> <span class='ocrx_word' id='word_1_80' title='bbox 638 1311 768 1377; x_wconf 83' lang='lat' dir='ltr'>differas</span> <span class='ocrx_word' id='word_1_81' title='bbox 795 1315 829 1377; x_wconf 94' lang='lat' dir='ltr'>in</span> <span class='ocrx_word' id='word_1_82' title='bbox 857 1315 972 1380; x_wconf 89' lang='lat' dir='ltr'>melius</span> <span class='ocrx_word' id='word_1_83' title='bbox 1001 1315 1173 1380; x_wconf 88' lang='lat' dir='ltr'>emendare</span> <span class='ocrx_word' id='word_1_84' title='bbox 1196 1337 1256 1381; x_wconf 89' lang='lat' dir='ltr'>neo</span> <span class='ocrx_word' id='word_1_85' title='bbox 1279 1319 1494 1401; x_wconf 87' lang='lat' dir='ltr'>prescriptam</span> <span class='ocrx_word' id='word_1_86' title='bbox 1517 1339 1574 1382; x_wconf 90' lang='lat' dir='ltr'>ec·</span> 
     </span>
     <span class='ocr_line' id='line_1_11' title="bbox 290 1418 1573 1506; baseline 0.005 -24"><span class='ocrx_word' id='word_1_87' title='bbox 290 1418 420 1482; x_wconf 82' lang='lat' dir='ltr'>alesiam</span> <span class='ocrx_word' id='word_1_88' title='bbox 447 1419 584 1502; x_wconf 89' lang='lat' dir='ltr'>patiaris</span> <span class='ocrx_word' id='word_1_89' title='bbox 613 1440 723 1485; x_wconf 84' lang='lat' dir='ltr'>carere</span> <span class='ocrx_word' id='word_1_90' title='bbox 753 1420 873 1484; x_wconf 91' lang='lat' dir='ltr'>diutius</span> <span class='ocrx_word' id='word_1_91' title='bbox 896 1421 1073 1503; x_wconf 86' lang='lat' dir='ltr'>provisore,</span> <span class='ocrx_word' id='word_1_92' title='bbox 1098 1421 1154 1485; x_wconf 88' lang='lat' dir='ltr'>sed</span> <span class='ocrx_word' id='word_1_93' title='bbox 1178 1424 1349 1488; x_wconf 90' lang='lat' dir='ltr'>canonicos</span> <span class='ocrx_word' id='word_1_94' title='bbox 1372 1425 1475 1506; x_wconf 91' lang='lat' dir='ltr'>ipsius</span> <span class='ocrx_word' id='word_1_95' title='bbox 1500 1430 1573 1488; x_wconf 90' lang='lat' dir='ltr'>stu-</span> 
     </span>
     <span class='ocr_line' id='line_1_12' title="bbox 290 1524 1574 1611; baseline 0.006 -24"><span class='ocrx_word' id='word_1_96' title='bbox 290 1524 411 1589; x_wconf 87' lang='lat' dir='ltr'>diosius</span> <span class='ocrx_word' id='word_1_97' title='bbox 434 1545 576 1606; x_wconf 89' lang='lat' dir='ltr'>moneas,</span> <span class='ocrx_word' id='word_1_98' title='bbox 600 1530 638 1588; x_wconf 90' lang='lat' dir='ltr'>ut</span> <span class='ocrx_word' id='word_1_99' title='bbox 661 1525 816 1591; x_wconf 90' lang='lat' dir='ltr'>dilatione</span> <span class='ocrx_word' id='word_1_100' title='bbox 839 1527 1021 1608; x_wconf 89' lang='lat' dir='ltr'>postposita</span> <span class='ocrx_word' id='word_1_101' title='bbox 1043 1529 1147 1592; x_wconf 90' lang='lat' dir='ltr'>virum</span> <span class='ocrx_word' id='word_1_102' title='bbox 1170 1528 1364 1611; x_wconf 85' lang='lat' dir='ltr'>litteratum,</span> <span class='ocrx_word' id='word_1_103' title='bbox 1396 1530 1574 1596; x_wconf 90' lang='lat' dir='ltr'>honestum</span> 
     </span>
     <span class='ocr_line' id='line_1_13' title="bbox 290 1629 1512 1718; baseline 0.007 -24"><span class='ocrx_word' id='word_1_104' title='bbox 290 1636 322 1694; x_wconf 91' lang='lat' dir='ltr'>et</span> <span class='ocrx_word' id='word_1_105' title='bbox 344 1629 477 1696; x_wconf 70' lang='lat' dir='ltr'>honoril</span> <span class='ocrx_word' id='word_1_106' title='bbox 500 1631 676 1715; x_wconf 87' lang='lat' dir='ltr'>episcopali</span> <span class='ocrx_word' id='word_1_107' title='bbox 698 1632 850 1697; x_wconf 89' lang='lat' dir='ltr'>idoneum</span> <span class='ocrx_word' id='word_1_108' title='bbox 872 1633 906 1696; x_wconf 92' lang='lat' dir='ltr'>in</span> <span class='ocrx_word' id='word_1_109' title='bbox 926 1634 1115 1716; x_wconf 87' lang='lat' dir='ltr'>episcopum</span> <span class='ocrx_word' id='word_1_110' title='bbox 1138 1635 1260 1717; x_wconf 86' lang='lat' dir='ltr'>eligant</span> <span class='ocrx_word' id='word_1_111' title='bbox 1283 1641 1316 1699; x_wconf 89' lang='lat' dir='ltr'>et</span> <span class='ocrx_word' id='word_1_112' title='bbox 1338 1643 1512 1718; x_wconf 89' lang='lat' dir='ltr'>pastorem.</span> 
     </span>
    </p>
   </div>
   <div class='ocr_carea' id='block_1_3' title="bbox 289 2025 1572 2592">
    <p class='ocr_par' dir='ltr' id='par_1_3' title="bbox 289 2025 1572 2422">
     <span class='ocr_line' id='line_1_14' title="bbox 289 2025 1572 2110; baseline 0.002 -20"><span class='ocrx_word' id='word_1_113' title='bbox 289 2025 380 2091; x_wconf 86' lang='lat'>280.</span> <span class='ocrx_word' id='word_1_114' title='bbox 399 2027 563 2086; x_wconf 71' lang='lat' dir='ltr'>Alexander</span> <span class='ocrx_word' id='word_1_115' title='bbox 584 2027 638 2086; x_wconf 89' lang='grc' dir='ltr'>ΙΙΙ</span> <span class='ocrx_word' id='word_1_116' title='bbox 662 2028 769 2103; x_wconf 67' lang='lat' dir='ltr'>fratres</span> <span class='ocrx_word' id='word_1_117' title='bbox 800 2029 834 2087; x_wconf 84' lang='lat' dir='ltr'>de</span> <span class='ocrx_word' id='word_1_118' title='bbox 861 2029 995 2088; x_wconf 73' lang='lat' dir='ltr'>Oratorio</span> <span class='ocrx_word' id='word_1_119' title='bbox 1027 2036 1120 2105; x_wconf 78' lang='lat' dir='ltr'>repat,</span> <span class='ocrx_word' id='word_1_120' title='bbox 1153 2037 1186 2089; x_wconf 83' lang='lat' dir='ltr'>at</span> <span class='ocrx_word' id='word_1_121' title='bbox 1221 2031 1255 2090; x_wconf 74' lang='lat' dir='ltr'>G.</span> <span class='ocrx_word' id='word_1_122' title='bbox 1287 2032 1480 2105; x_wconf 78' lang='lat' dir='ltr'>monacham,</span> <span class='ocrx_word' id='word_1_123' title='bbox 1514 2034 1572 2110; x_wconf 80' lang='lat' dir='ltr'>qai</span> 
     </span>
     <span class='ocr_line' id='line_1_15' title="bbox 399 2133 1572 2212; baseline 0.005 -20"><span class='ocrx_word' id='word_1_124' title='bbox 399 2133 570 2192; x_wconf 80' lang='lat' dir='ltr'>monachico</span> <span class='ocrx_word' id='word_1_125' title='bbox 595 2140 668 2193; x_wconf 83' lang='lat' dir='ltr'>ceste</span> <span class='ocrx_word' id='word_1_126' title='bbox 692 2140 733 2192; x_wconf 83' lang='lat' dir='ltr'>ter</span> <span class='ocrx_word' id='word_1_127' title='bbox 755 2135 862 2194; x_wconf 79' lang='lat' dir='ltr'>abiecta</span> <span class='ocrx_word' id='word_1_128' title='bbox 879 2154 934 2210; x_wconf 84' lang='lat' dir='ltr'>per</span> <span class='ocrx_word' id='word_1_129' title='bbox 956 2135 1086 2194; x_wconf 75' lang='lat' dir='ltr'>secatum</span> <span class='ocrx_word' id='word_1_130' title='bbox 1108 2143 1243 2212; x_wconf 68' lang='lat' dir='ltr'>evogatus</span> <span class='ocrx_word' id='word_1_131' title='bbox 1265 2138 1318 2210; x_wconf 81' lang='lat' dir='ltr'>sit,</span> <span class='ocrx_word' id='word_1_132' title='bbox 1343 2139 1393 2196; x_wconf 83' lang='lat' dir='ltr'>sed</span> <span class='ocrx_word' id='word_1_133' title='bbox 1413 2139 1506 2198; x_wconf 80' lang='lat' dir='ltr'>redire</span> <span class='ocrx_word' id='word_1_134' title='bbox 1534 2141 1572 2198; x_wconf 81' lang='lat' dir='ltr'>ta</span> 
     </span>
     <span class='ocr_line' id='line_1_16' title="bbox 400 2240 1570 2317; baseline 0.007 -20"><span class='ocrx_word' id='word_1_135' title='bbox 400 2240 614 2298; x_wconf 78' lang='lat' dir='ltr'>monasteriam</span> <span class='ocrx_word' id='word_1_136' title='bbox 636 2240 782 2314; x_wconf 61' lang='lat' dir='ltr'>deaderet,</span> <span class='ocrx_word' id='word_1_137' title='bbox 806 2247 858 2300; x_wconf 83' lang='lat' dir='ltr'>cat</span> <span class='ocrx_word' id='word_1_138' title='bbox 880 2242 940 2317; x_wconf 62' lang='lat' dir='ltr'>episi</span> <span class='ocrx_word' id='word_1_139' title='bbox 961 2243 1103 2317; x_wconf 75' lang='lat' dir='ltr'>recepiant</span> <span class='ocrx_word' id='word_1_140' title='bbox 1125 2249 1177 2301; x_wconf 81' lang='lat' dir='ltr'>cert</span> <span class='ocrx_word' id='word_1_141' title='bbox 1199 2244 1234 2302; x_wconf 84' lang='lat' dir='ltr'>e&#39;re</span> <span class='ocrx_word' id='word_1_142' title='bbox 1255 2244 1341 2302; x_wconf 85' lang='lat' dir='ltr'>domo</span> <span class='ocrx_word' id='word_1_143' title='bbox 1369 2245 1402 2302; x_wconf 84' lang='lat' dir='ltr'>de</span> <span class='ocrx_word' id='word_1_144' title='bbox 1424 2245 1570 2306; x_wconf 84' lang='lat' dir='ltr'>Baltesee&#39;o</span> 
     </span>
     <span class='ocr_line' id='line_1_17' title="bbox 399 2347 631 2422; baseline 0 -18"><span class='ocrx_word' id='word_1_145' title='bbox 399 2347 489 2422; x_wconf 78' lang='lat' dir='ltr'>recepi</span> <span class='ocrx_word' id='word_1_146' title='bbox 511 2347 631 2422; x_wconf 80' lang='lat' dir='ltr'>faciant.</span> 
     </span>
    </p>

    <p class='ocr_par' dir='ltr' id='par_1_4' title="bbox 395 2447 1460 2592">
     <span class='ocr_line' id='line_1_18' title="bbox 395 2447 1460 2522; baseline 0.007 -22"><span class='ocrx_word' id='word_1_147' title='bbox 395 2447 463 2518; x_wconf 84' lang='lat' dir='ltr'>Reg.</span> <span class='ocrx_word' id='word_1_148' title='bbox 482 2447 562 2502; x_wconf 86' lang='lat' dir='ltr'>Alex.</span> <span class='ocrx_word' id='word_1_149' title='bbox 581 2447 679 2518; x_wconf 80' lang='lat' dir='ltr'>fragm.</span> <span class='ocrx_word' id='word_1_150' title='bbox 699 2464 742 2516; x_wconf 89' lang='lat' dir='ltr'>ep.</span> <span class='ocrx_word' id='word_1_151' title='bbox 761 2448 805 2513; x_wconf 89' lang='grc'>46,</span> <span class='ocrx_word' id='word_1_152' title='bbox 824 2447 853 2500; x_wconf 91' lang='lat' dir='ltr'>in</span> <span class='ocrx_word' id='word_1_153' title='bbox 873 2447 931 2503; x_wconf 91' lang='lat' dir='ltr'>cod.</span> <span class='ocrx_word' id='word_1_154' title='bbox 946 2449 1014 2504; x_wconf 78' lang='lat'>0011.</span> <span class='ocrx_word' id='word_1_155' title='bbox 1028 2450 1155 2504; x_wconf 86' lang='lat' dir='ltr'>Trinitat.</span> <span class='ocrx_word' id='word_1_156' title='bbox 1166 2449 1325 2522; x_wconf 73' lang='lat' dir='ltr'>cantabrig.</span> <span class='ocrx_word' id='word_1_157' title='bbox 1336 2451 1370 2507; x_wconf 89' lang='lat' dir='ltr'>R.</span> <span class='ocrx_word' id='word_1_158' title='bbox 1381 2452 1406 2506; x_wconf 84' lang='lat'>9.</span> <span class='ocrx_word' id='word_1_159' title='bbox 1418 2454 1460 2510; x_wconf 69' lang='lat' dir='ltr'>ll.</span> 
     </span>
     <span class='ocr_line' id='line_1_19' title="bbox 491 2536 1134 2592; baseline 0.012 -7"><span class='ocrx_word' id='word_1_160' title='bbox 491 2549 492 2554; x_wconf 48' lang='lat'>¹</span> <span class='ocrx_word' id='word_1_161' title='bbox 811 2536 1044 2592; x_wconf 80' lang='lat' dir='ltr'>s.xrrfol.123.</span> <span class='ocrx_word' id='word_1_162' title='bbox 1133 2541 1134 2544; x_wconf 75' lang='grc'>’</span> 
     </span>
    </p>
   </div>
   <div class='ocr_carea' id='block_1_4' title="bbox 175 2694 1660 4163">
    <p class='ocr_par' dir='ltr' id='par_1_5' title="bbox 175 2694 1660 4163">
     <span class='ocr_line' id='line_1_20' title="bbox 175 2694 1568 2782; baseline 0.003 -19"><span class='ocrx_word' id='word_1_163' title='bbox 175 2706 269 2764; x_wconf 84' lang='grc'><strong>1178.</strong></span> <span class='ocrx_word' id='word_1_164' title='bbox 377 2695 521 2760; x_wconf 72' lang='lat' dir='ltr'>Abbati2</span> <span class='ocrx_word' id='word_1_165' title='bbox 543 2700 576 2759; x_wconf 91' lang='lat' dir='ltr'>et</span> <span class='ocrx_word' id='word_1_166' title='bbox 598 2694 756 2760; x_wconf 85' lang='lat' dir='ltr'>fratribus</span> <span class='ocrx_word' id='word_1_167' title='bbox 779 2695 818 2760; x_wconf 90' lang='lat' dir='ltr'>de</span> <span class='ocrx_word' id='word_1_168' title='bbox 842 2695 1021 2761; x_wconf 84' lang='lat' dir='ltr'>Oratorio3</span> <span class='ocrx_word' id='word_1_169' title='bbox 1064 2697 1191 2764; x_wconf 87' lang='lat' dir='ltr'>Retulit</span> <span class='ocrx_word' id='word_1_170' title='bbox 1217 2699 1310 2764; x_wconf 92' lang='lat' dir='ltr'>nobis</span> <span class='ocrx_word' id='word_1_171' title='bbox 1334 2698 1373 2764; x_wconf 76' lang='lat' dir='ltr'>G.</span> <span class='ocrx_word' id='word_1_172' title='bbox 1403 2703 1568 2782; x_wconf 88' lang='lat' dir='ltr'>quondam</span> 
     </span>
     <span class='ocr_line' id='line_1_21' title="bbox 289 2801 1567 2884; baseline 0.006 -20"><span class='ocrx_word' id='word_1_173' title='bbox 289 2802 464 2866; x_wconf 91' lang='lat' dir='ltr'>monachus</span> <span class='ocrx_word' id='word_1_174' title='bbox 486 2807 601 2883; x_wconf 85' lang='lat' dir='ltr'>vester,</span> <span class='ocrx_word' id='word_1_175' title='bbox 623 2801 709 2884; x_wconf 92' lang='lat' dir='ltr'>quod</span> <span class='ocrx_word' id='word_1_176' title='bbox 728 2803 961 2868; x_wconf 88' lang='lat' dir='ltr'>monasterium</span> <span class='ocrx_word' id='word_1_177' title='bbox 980 2801 1019 2865; x_wconf 89' lang='lat' dir='ltr'>de</span> <span class='ocrx_word' id='word_1_178' title='bbox 1037 2801 1221 2868; x_wconf 83' lang='lat' dir='ltr'>Balteseio4</span> <span class='ocrx_word' id='word_1_179' title='bbox 1245 2805 1284 2869; x_wconf 89' lang='lat' dir='ltr'>de</span> <span class='ocrx_word' id='word_1_180' title='bbox 1303 2805 1457 2871; x_wconf 89' lang='lat' dir='ltr'>mandato</span> <span class='ocrx_word' id='word_1_181' title='bbox 1476 2814 1567 2874; x_wconf 86' lang='lat' dir='ltr'>ante-</span> 
     </span>
     <span class='ocr_line' id='line_1_22' title="bbox 290 2907 1660 2997; baseline 0.006 -26"><span class='ocrx_word' id='word_1_182' title='bbox 290 2909 426 2972; x_wconf 90' lang='lat' dir='ltr'>cessoris</span> <span class='ocrx_word' id='word_1_183' title='bbox 449 2908 507 2990; x_wconf 87' lang='lat' dir='ltr'>tui,</span> <span class='ocrx_word' id='word_1_184' title='bbox 531 2907 579 2972; x_wconf 91' lang='lat' dir='ltr'>fili</span> <span class='ocrx_word' id='word_1_185' title='bbox 602 2907 715 2989; x_wconf 87' lang='lat' dir='ltr'>abbas,</span> <span class='ocrx_word' id='word_1_186' title='bbox 739 2909 905 2989; x_wconf 88' lang='lat' dir='ltr'>ingressus</span> <span class='ocrx_word' id='word_1_187' title='bbox 923 2909 984 2985; x_wconf 88' lang='lat' dir='ltr'>bis,</span> <span class='ocrx_word' id='word_1_188' title='bbox 1010 2908 1138 2974; x_wconf 89' lang='lat' dir='ltr'>diabolo</span> <span class='ocrx_word' id='word_1_189' title='bbox 1158 2917 1360 2992; x_wconf 85' lang='lat' dir='ltr'>suggerente,</span> <span class='ocrx_word' id='word_1_190' title='bbox 1385 2913 1472 2978; x_wconf 87' lang='lat' dir='ltr'>exire</span> <span class='ocrx_word' id='word_1_191' title='bbox 1495 2936 1566 2997; x_wconf 90' lang='lat' dir='ltr'>pre·</span> <span class='ocrx_word' id='word_1_192' title='bbox 1659 2989 1660 2996; x_wconf 8' lang='grc' dir='ltr'>ἵ</span> 
     </span>
     <span class='ocr_line' id='line_1_23' title="bbox 290 3002 1660 3102; baseline 0.006 -24"><span class='ocrx_word' id='word_1_193' title='bbox 290 3016 428 3097; x_wconf 89' lang='lat' dir='ltr'>sumpsit</span> <span class='ocrx_word' id='word_1_194' title='bbox 451 3021 484 3080; x_wconf 90' lang='lat' dir='ltr'>et</span> <span class='ocrx_word' id='word_1_195' title='bbox 508 3015 607 3079; x_wconf 93' lang='lat' dir='ltr'>semel</span> <span class='ocrx_word' id='word_1_196' title='bbox 625 3014 918 3080; x_wconf 88' lang='lat' dir='ltr'>monasterium-de</span> <span class='ocrx_word' id='word_1_197' title='bbox 934 3013 1103 3080; x_wconf 80' lang='lat' dir='ltr'>Oalooeio⁵</span> <span class='ocrx_word' id='word_1_198' title='bbox 1122 3002 1305 3098; x_wconf 89' lang='lat' dir='ltr'>dereliquit.</span> <span class='ocrx_word' id='word_1_199' title='bbox 1343 3017 1465 3083; x_wconf 88' lang='lat' dir='ltr'>Verum</span> <span class='ocrx_word' id='word_1_200' title='bbox 1489 3042 1567 3102; x_wconf 93' lang='lat' dir='ltr'>quo·</span> <span class='ocrx_word' id='word_1_201' title='bbox 1659 3003 1660 3008; x_wconf 8' lang='grc' dir='ltr'>ἵ</span> 
     </span>
     <span class='ocr_line' id='line_1_24' title="bbox 289 3120 1567 3208; baseline 0.005 -24"><span class='ocrx_word' id='word_1_202' title='bbox 289 3122 376 3208; x_wconf 86' lang='lat' dir='ltr'>niam</span> <span class='ocrx_word' id='word_1_203' title='bbox 399 3122 441 3186; x_wconf 88' lang='lat' dir='ltr'>ad</span> <span class='ocrx_word' id='word_1_204' title='bbox 465 3143 499 3188; x_wconf 91' lang='lat' dir='ltr'>se</span> <span class='ocrx_word' id='word_1_205' title='bbox 522 3142 669 3187; x_wconf 87' lang='lat' dir='ltr'>reversus</span> <span class='ocrx_word' id='word_1_206' title='bbox 698 3120 740 3184; x_wconf 90' lang='lat' dir='ltr'>ad</span> <span class='ocrx_word' id='word_1_207' title='bbox 767 3121 957 3186; x_wconf 88' lang='lat' dir='ltr'>mandatum</span> <span class='ocrx_word' id='word_1_208' title='bbox 984 3128 1128 3186; x_wconf 90' lang='lat' dir='ltr'>vestrum</span> <span class='ocrx_word' id='word_1_209' title='bbox 1150 3123 1256 3188; x_wconf 87' lang='lat' dir='ltr'>redire</span> <span class='ocrx_word' id='word_1_210' title='bbox 1284 3124 1449 3190; x_wconf 89' lang='lat' dir='ltr'>desiderat</span> <span class='ocrx_word' id='word_1_211' title='bbox 1471 3131 1504 3190; x_wconf 89' lang='lat' dir='ltr'>et</span> <span class='ocrx_word' id='word_1_212' title='bbox 1527 3126 1567 3191; x_wconf 89' lang='lat' dir='ltr'>de</span> 
     </span>
     <span class='ocr_line' id='line_1_25' title="bbox 291 3227 1568 3311; baseline 0.006 -21"><span class='ocrx_word' id='word_1_213' title='bbox 291 3229 356 3292; x_wconf 88' lang='lat' dir='ltr'>suis</span> <span class='ocrx_word' id='word_1_214' title='bbox 380 3229 564 3292; x_wconf 86' lang='lat' dir='ltr'>excessibus</span> <span class='ocrx_word' id='word_1_215' title='bbox 588 3227 791 3309; x_wconf 83' lang='lat' dir='ltr'>satisfacere,</span> <span class='ocrx_word' id='word_1_216' title='bbox 824 3250 883 3292; x_wconf 91' lang='lat' dir='ltr'>nos</span> <span class='ocrx_word' id='word_1_217' title='bbox 907 3227 1126 3310; x_wconf 86' lang='lat' dir='ltr'>attendentes,</span> <span class='ocrx_word' id='word_1_218' title='bbox 1157 3230 1316 3311; x_wconf 91' lang='lat' dir='ltr'>quomodo</span> <span class='ocrx_word' id='word_1_219' title='bbox 1345 3233 1387 3295; x_wconf 89' lang='lat' dir='ltr'>sit</span> <span class='ocrx_word' id='word_1_220' title='bbox 1409 3231 1568 3298; x_wconf 82' lang='lat' dir='ltr'>fratribus</span> 
     </span>
     <span class='ocr_line' id='line_1_26' title="bbox 289 3325 1563 3420; baseline 0.003 -22"><span class='ocrx_word' id='word_1_221' title='bbox 289 3334 508 3416; x_wconf 87' lang='lat' dir='ltr'>penitentibus</span> <span class='ocrx_word' id='word_1_222' title='bbox 531 3333 761 3398; x_wconf 90' lang='lat' dir='ltr'>remittendum</span> <span class='ocrx_word' id='word_1_223' title='bbox 780 3334 871 3398; x_wconf 85' lang='lat' dir='ltr'>iuxta</span> <span class='ocrx_word' id='word_1_224' title='bbox 893 3325 1005 3398; x_wconf 82' lang='lat' dir='ltr'>vocem</span> <span class='ocrx_word' id='word_1_225' title='bbox 1028 3335 1235 3400; x_wconf 85' lang='lat' dir='ltr'>dominicam:</span> <span class='ocrx_word' id='word_1_226' title='bbox 1259 3361 1322 3401; x_wconf 81' lang='lat' dir='ltr'>noa</span> <span class='ocrx_word' id='word_1_227' title='bbox 1343 3343 1419 3414; x_wconf 83' lang='lat' dir='ltr'>dico,</span> <span class='ocrx_word' id='word_1_228' title='bbox 1448 3338 1563 3420; x_wconf 90' lang='lat' dir='ltr'>inquit,</span> 
     </span>
     <span class='ocr_line' id='line_1_27' title="bbox 290 3442 1565 3522; baseline 0.003 -18"><span class='ocrx_word' id='word_1_229' title='bbox 290 3446 342 3505; x_wconf 79' lang='lat' dir='ltr'>tibe&#39;</span> <span class='ocrx_word' id='word_1_230' title='bbox 363 3464 456 3522; x_wconf 78' lang='lat' dir='ltr'>aeque</span> <span class='ocrx_word' id='word_1_231' title='bbox 478 3445 588 3519; x_wconf 81' lang='lat' dir='ltr'>septies,</span> <span class='ocrx_word' id='word_1_232' title='bbox 613 3445 663 3503; x_wconf 80' lang='lat' dir='ltr'>sed</span> <span class='ocrx_word' id='word_1_233' title='bbox 683 3463 776 3520; x_wconf 80' lang='lat' dir='ltr'>usque</span> <span class='ocrx_word' id='word_1_234' title='bbox 802 3446 964 3520; x_wconf 71' lang='lat' dir='ltr'>septuagies</span> <span class='ocrx_word' id='word_1_235' title='bbox 990 3445 1121 3521; x_wconf 67' lang='lat' dir='ltr'>septiesfl,</span> <span class='ocrx_word' id='word_1_236' title='bbox 1151 3442 1396 3506; x_wconf 83' lang='lat' dir='ltr'>universitatem</span> <span class='ocrx_word' id='word_1_237' title='bbox 1423 3450 1565 3508; x_wconf 87' lang='lat' dir='ltr'>vestram</span> 
     </span>
     <span class='ocr_line' id='line_1_28' title="bbox 289 3545 1564 3631; baseline 0.004 -21"><span class='ocrx_word' id='word_1_238' title='bbox 289 3568 347 3628; x_wconf 89' lang='lat' dir='ltr'>per</span> <span class='ocrx_word' id='word_1_239' title='bbox 369 3545 548 3629; x_wconf 86' lang='lat' dir='ltr'>apostoliea</span> <span class='ocrx_word' id='word_1_240' title='bbox 580 3546 701 3627; x_wconf 91' lang='lat' dir='ltr'>scripta</span> <span class='ocrx_word' id='word_1_241' title='bbox 734 3567 900 3610; x_wconf 91' lang='lat' dir='ltr'>monemus</span> <span class='ocrx_word' id='word_1_242' title='bbox 933 3548 1088 3610; x_wconf 87' lang='lat' dir='ltr'>attentius</span> <span class='ocrx_word' id='word_1_243' title='bbox 1119 3552 1151 3610; x_wconf 89' lang='lat' dir='ltr'>et</span> <span class='ocrx_word' id='word_1_244' title='bbox 1174 3549 1378 3630; x_wconf 87' lang='lat' dir='ltr'>mandamus,</span> <span class='ocrx_word' id='word_1_245' title='bbox 1412 3551 1564 3631; x_wconf 87' lang='lat' dir='ltr'>quatinus</span> 
     </span>
     <span class='ocr_line' id='line_1_29' title="bbox 290 3651 1565 3723; baseline 0.003 -7"><span class='ocrx_word' id='word_1_246' title='bbox 290 3653 425 3717; x_wconf 88' lang='lat' dir='ltr'>eundem</span> <span class='ocrx_word' id='word_1_247' title='bbox 450 3651 489 3717; x_wconf 86' lang='lat' dir='ltr'>G.</span> <span class='ocrx_word' id='word_1_248' title='bbox 519 3651 618 3714; x_wconf 89' lang='lat' dir='ltr'>divini</span> <span class='ocrx_word' id='word_1_249' title='bbox 647 3653 765 3716; x_wconf 88' lang='lat' dir='ltr'>amoris</span> <span class='ocrx_word' id='word_1_250' title='bbox 797 3651 923 3715; x_wconf 89' lang='lat' dir='ltr'>intuitu·</span> <span class='ocrx_word' id='word_1_251' title='bbox 950 3657 983 3715; x_wconf 89' lang='lat' dir='ltr'>ct</span> <span class='ocrx_word' id='word_1_252' title='bbox 1009 3657 1119 3716; x_wconf 90' lang='lat' dir='ltr'>nostre</span> <span class='ocrx_word' id='word_1_253' title='bbox 1149 3656 1406 3723; x_wconf 87' lang='lat' dir='ltr'>commonitionis</span> <span class='ocrx_word' id='word_1_254' title='bbox 1430 3656 1565 3721; x_wconf 89' lang='lat' dir='ltr'>obtentu</span> 
     </span>
     <span class='ocr_line' id='line_1_30' title="bbox 289 3755 1565 3844; baseline 0.003 -21"><span class='ocrx_word' id='word_1_255' title='bbox 289 3755 480 3841; x_wconf 86' lang='lat' dir='ltr'>recipientes</span> <span class='ocrx_word' id='word_1_256' title='bbox 503 3759 537 3820; x_wconf 91' lang='lat' dir='ltr'>in</span> <span class='ocrx_word' id='word_1_257' title='bbox 560 3756 695 3821; x_wconf 85' lang='lat' dir='ltr'>fratrem</span> <span class='ocrx_word' id='word_1_258' title='bbox 718 3758 807 3822; x_wconf 84' lang='lat' dir='ltr'>salva</span> <span class='ocrx_word' id='word_1_259' title='bbox 831 3757 1053 3822; x_wconf 86' lang='lat' dir='ltr'>Oisterciensis</span> <span class='ocrx_word' id='word_1_260' title='bbox 1077 3758 1199 3823; x_wconf 90' lang='lat' dir='ltr'>ordinis</span> <span class='ocrx_word' id='word_1_261' title='bbox 1223 3759 1393 3844; x_wconf 90' lang='lat' dir='ltr'>disciplina</span> <span class='ocrx_word' id='word_1_262' title='bbox 1421 3762 1565 3828; x_wconf 88' lang='lat' dir='ltr'>fraterna</span> 
     </span>
     <span class='ocr_line' id='line_1_31' title="bbox 290 3863 1563 3952; baseline 0.004 -24"><span class='ocrx_word' id='word_1_263' title='bbox 290 3865 424 3929; x_wconf 88' lang='lat' dir='ltr'>caritate</span> <span class='ocrx_word' id='word_1_264' title='bbox 447 3866 596 3928; x_wconf 86' lang='lat' dir='ltr'>tractetis</span> <span class='ocrx_word' id='word_1_265' title='bbox 620 3865 670 3928; x_wconf 85' lang='lat' dir='ltr'>vel</span> <span class='ocrx_word' id='word_1_266' title='bbox 692 3865 726 3928; x_wconf 90' lang='lat' dir='ltr'>in</span> <span class='ocrx_word' id='word_1_267' title='bbox 749 3865 930 3947; x_wconf 88' lang='lat' dir='ltr'>prescripta</span> <span class='ocrx_word' id='word_1_268' title='bbox 954 3863 1047 3929; x_wconf 94' lang='lat' dir='ltr'>domo</span> <span class='ocrx_word' id='word_1_269' title='bbox 1071 3864 1111 3928; x_wconf 91' lang='lat' dir='ltr'>de</span> <span class='ocrx_word' id='word_1_270' title='bbox 1129 3865 1317 3932; x_wconf 84' lang='lat' dir='ltr'>Balzeseiob</span> <span class='ocrx_word' id='word_1_271' title='bbox 1342 3870 1442 3952; x_wconf 90' lang='lat' dir='ltr'>recipi</span> <span class='ocrx_word' id='word_1_272' title='bbox 1465 3869 1563 3933; x_wconf 84' lang='lat' dir='ltr'>facia-</span> 
     </span>
     <span class='ocr_line' id='line_1_32' title="bbox 288 3970 1563 4056; baseline 0.005 -22"><span class='ocrx_word' id='word_1_273' title='bbox 288 3973 341 4052; x_wconf 91' lang='lat' dir='ltr'>tis,</span> <span class='ocrx_word' id='word_1_274' title='bbox 366 3993 405 4035; x_wconf 91' lang='lat' dir='ltr'>ne</span> <span class='ocrx_word' id='word_1_275' title='bbox 430 3972 550 4035; x_wconf 86' lang='lat' dir='ltr'>diutius</span> <span class='ocrx_word' id='word_1_276' title='bbox 574 3993 632 4055; x_wconf 91' lang='lat' dir='ltr'>per</span> <span class='ocrx_word' id='word_1_277' title='bbox 656 3971 799 4034; x_wconf 89' lang='lat' dir='ltr'>seculum</span> <span class='ocrx_word' id='word_1_278' title='bbox 822 3976 977 4052; x_wconf 87' lang='lat' dir='ltr'>evagatus</span> <span class='ocrx_word' id='word_1_279' title='bbox 1002 3970 1174 4035; x_wconf 89' lang='lat' dir='ltr'>discrimen</span> <span class='ocrx_word' id='word_1_280' title='bbox 1197 3973 1356 4055; x_wconf 87' lang='lat' dir='ltr'>incurrat,</span> <span class='ocrx_word' id='word_1_281' title='bbox 1390 3974 1477 4056; x_wconf 91' lang='lat' dir='ltr'>quod</span> <span class='ocrx_word' id='word_1_282' title='bbox 1503 3976 1563 4041; x_wconf 87' lang='lat' dir='ltr'>sub</span> 
     </span>
     <span class='ocr_line' id='line_1_33' title="bbox 289 4076 1507 4163; baseline 0.003 -22"><span class='ocrx_word' id='word_1_283' title='bbox 289 4079 474 4160; x_wconf 88' lang='lat' dir='ltr'>magisterio</span> <span class='ocrx_word' id='word_1_284' title='bbox 498 4078 694 4143; x_wconf 88' lang='lat' dir='ltr'>const&#39;tutus</span> <span class='ocrx_word' id='word_1_285' title='bbox 718 4099 790 4141; x_wconf 89' lang='lat' dir='ltr'>cum</span> <span class='ocrx_word' id='word_1_286' title='bbox 814 4076 934 4141; x_wconf 86' lang='lat' dir='ltr'>auxilio</span> <span class='ocrx_word' id='word_1_287' title='bbox 958 4076 1084 4141; x_wconf 89' lang='lat' dir='ltr'>celestis</span> <span class='ocrx_word' id='word_1_288' title='bbox 1107 4080 1213 4159; x_wconf 85' lang='lat' dir='ltr'>gratie</span> <span class='ocrx_word' id='word_1_289' title='bbox 1235 4082 1355 4163; x_wconf 90' lang='lat' dir='ltr'>poterit</span> <span class='ocrx_word' id='word_1_290' title='bbox 1378 4083 1507 4146; x_wconf 85' lang='lat' dir='ltr'>evitare.</span> 
     </span>
    </p>
   </div>
   <div class='ocr_carea' id='block_1_5' title="bbox 377 4254 1442 4322">
    <p class='ocr_par' dir='ltr' id='par_1_6' title="bbox 377 4254 1442 4322">
     <span class='ocr_line' id='line_1_34' title="bbox 377 4254 1442 4322; baseline 0.004 -14"><span class='ocrx_word' id='word_1_291' title='bbox 377 4263 388 4288; x_wconf 75' lang='lat'>⁸</span> <span class='ocrx_word' id='word_1_292' title='bbox 406 4262 445 4309; x_wconf 69' lang='lat' dir='ltr'>aa</span> <span class='ocrx_word' id='word_1_293' title='bbox 462 4263 548 4322; x_wconf 72' lang='lat' dir='ltr'>scepei</span> <span class='ocrx_word' id='word_1_294' title='bbox 560 4277 606 4321; x_wconf 80' lang='lat' dir='ltr'>pro</span> <span class='ocrx_word' id='word_1_295' title='bbox 625 4257 713 4306; x_wconf 88' lang='lat' dir='ltr'>honeri</span> <span class='ocrx_word' id='word_1_296' title='bbox 734 4259 760 4320; x_wconf 86' lang='lat' dir='ltr'>(i.</span> <span class='ocrx_word' id='word_1_297' title='bbox 778 4275 797 4306; x_wconf 86' lang='lat' dir='ltr'>e.</span> <span class='ocrx_word' id='word_1_298' title='bbox 816 4258 895 4320; x_wconf 87' lang='lat' dir='ltr'>oneri)</span> <span class='ocrx_word' id='word_1_299' title='bbox 913 4261 1009 4308; x_wconf 65' lang='lat' dir='ltr'>codices.</span> <span class='ocrx_word' id='word_1_300' title='bbox 1082 4254 1190 4320; x_wconf 67' lang='lat' dir='ltr'>baapra</span> <span class='ocrx_word' id='word_1_301' title='bbox 1208 4263 1291 4320; x_wconf 56' lang='grc' dir='ltr'>ὡρίων</span> <span class='ocrx_word' id='word_1_302' title='bbox 1310 4262 1442 4313; x_wconf 83' lang='lat' dir='ltr'>Balteseio.</span> 
     </span>
    </p>
   </div>
   <div class='ocr_carea' id='block_1_6' title="bbox 288 4360 1559 4695">
    <p class='ocr_par' dir='ltr' id='par_1_7' title="bbox 288 4360 1559 4695">
     <span class='ocr_line' id='line_1_35' title="bbox 381 4360 1557 4436; baseline 0.002 -20"><span class='ocrx_word' id='word_1_303' title='bbox 381 4364 389 4392; x_wconf 85' lang='lat'><strong>¹</strong></span> <span class='ocrx_word' id='word_1_304' title='bbox 408 4362 501 4418; x_wconf 84' lang='lat' dir='ltr'>Hodie</span> <span class='ocrx_word' id='word_1_305' title='bbox 517 4363 678 4417; x_wconf 84' lang='lat' dir='ltr'>Catanzaro.</span> <span class='ocrx_word' id='word_1_306' title='bbox 744 4361 754 4390; x_wconf 71' lang='lat'>⁹</span> <span class='ocrx_word' id='word_1_307' title='bbox 772 4360 912 4415; x_wconf 84' lang='lat' dir='ltr'>Gervasio.</span> <span class='ocrx_word' id='word_1_308' title='bbox 985 4361 1179 4416; x_wconf 80' lang='lat' dir='ltr'>⁸monasterio</span> <span class='ocrx_word' id='word_1_309' title='bbox 1198 4363 1255 4417; x_wconf 91' lang='lat' dir='ltr'>ord.</span> <span class='ocrx_word' id='word_1_310' title='bbox 1266 4363 1334 4418; x_wconf 81' lang='lat' dir='ltr'>cist.</span> <span class='ocrx_word' id='word_1_311' title='bbox 1347 4363 1432 4420; x_wconf 87' lang='lat' dir='ltr'>dioec.</span> <span class='ocrx_word' id='word_1_312' title='bbox 1443 4364 1557 4436; x_wconf 85' lang='lat' dir='ltr'>Andeg.,</span> 
     </span>
     <span class='ocr_line' id='line_1_36' title="bbox 289 4449 1559 4524; baseline 0.002 -20"><span class='ocrx_word' id='word_1_313' title='bbox 289 4450 371 4510; x_wconf 90' lang='lat' dir='ltr'>hodie</span> <span class='ocrx_word' id='word_1_314' title='bbox 388 4451 428 4505; x_wconf 89' lang='lat' dir='ltr'>Le</span> <span class='ocrx_word' id='word_1_315' title='bbox 446 4451 567 4506; x_wconf 79' lang='lat' dir='ltr'>Lorourr.</span> <span class='ocrx_word' id='word_1_316' title='bbox 657 4451 669 4480; x_wconf 84' lang='lat'><strong>⁴</strong></span> <span class='ocrx_word' id='word_1_317' title='bbox 687 4449 797 4516; x_wconf 63' lang='lat' dir='ltr'>Nescia</span> <span class='ocrx_word' id='word_1_318' title='bbox 816 4467 852 4503; x_wconf 85' lang='lat' dir='ltr'>an</span> <span class='ocrx_word' id='word_1_319' title='bbox 870 4449 945 4504; x_wconf 91' lang='lat' dir='ltr'>idem</span> <span class='ocrx_word' id='word_1_320' title='bbox 964 4449 1000 4504; x_wconf 88' lang='lat' dir='ltr'>sit</span> <span class='ocrx_word' id='word_1_321' title='bbox 1018 4467 1050 4504; x_wconf 91' lang='lat' dir='ltr'>ac</span> <span class='ocrx_word' id='word_1_322' title='bbox 1073 4450 1256 4521; x_wconf 88' lang='lat' dir='ltr'>Baugeseium</span> <span class='ocrx_word' id='word_1_323' title='bbox 1281 4452 1452 4524; x_wconf 76' lang='lat' dir='ltr'>(Baugerais)</span> <span class='ocrx_word' id='word_1_324' title='bbox 1476 4453 1559 4509; x_wconf 84' lang='lat' dir='ltr'>dioec.</span> 
     </span>
     <span class='ocr_line' id='line_1_37' title="bbox 288 4537 1559 4611; baseline 0.005 -19"><span class='ocrx_word' id='word_1_325' title='bbox 288 4540 390 4593; x_wconf 84' lang='lat' dir='ltr'>Toron.</span> <span class='ocrx_word' id='word_1_326' title='bbox 455 4539 465 4571; x_wconf 82' lang='lat'><strong>⁶</strong></span> <span class='ocrx_word' id='word_1_327' title='bbox 484 4539 641 4595; x_wconf 83' lang='lat' dir='ltr'>Oaloceium</span> <span class='ocrx_word' id='word_1_328' title='bbox 660 4556 709 4594; x_wconf 84' lang='lat' dir='ltr'>seu</span> <span class='ocrx_word' id='word_1_329' title='bbox 728 4537 906 4593; x_wconf 82' lang='lat' dir='ltr'>Chaloceium</span> <span class='ocrx_word' id='word_1_330' title='bbox 925 4537 983 4592; x_wconf 92' lang='lat' dir='ltr'>ord.</span> <span class='ocrx_word' id='word_1_331' title='bbox 994 4538 1061 4593; x_wconf 80' lang='lat' dir='ltr'>cist.</span> <span class='ocrx_word' id='word_1_332' title='bbox 1081 4537 1166 4593; x_wconf 86' lang='lat' dir='ltr'>dioec.</span> <span class='ocrx_word' id='word_1_333' title='bbox 1184 4538 1301 4611; x_wconf 79' lang='lat' dir='ltr'>Andeg,</span> <span class='ocrx_word' id='word_1_334' title='bbox 1319 4540 1402 4596; x_wconf 87' lang='lat' dir='ltr'>hodie</span> <span class='ocrx_word' id='word_1_335' title='bbox 1416 4541 1559 4598; x_wconf 77' lang='lat' dir='ltr'>Ohaloche.</span> 
     </span>
     <span class='ocr_line' id='line_1_38' title="bbox 291 4628 543 4695; baseline -0.008 -13"><span class='ocrx_word' id='word_1_336' title='bbox 291 4628 418 4682; x_wconf 80' lang='lat' dir='ltr'>⁶Matth.</span> <span class='ocrx_word' id='word_1_337' title='bbox 440 4629 482 4695; x_wconf 84' lang='lat'>18,</span> <span class='ocrx_word' id='word_1_338' title='bbox 501 4629 543 4681; x_wconf 79' lang='lat'>22.</span> 
     </span>
    </p>
   </div>
   <div class='ocr_carea' id='block_1_7' title="bbox 0 0 1672 5184">
    <p class='ocr_par' dir='ltr' id='par_1_8' title="bbox 0 0 1672 5184">
     <span class='ocr_line' id='line_1_39' title="bbox 0 0 1672 5184; baseline 0 2"><span class='ocrx_word' id='word_1_339' title='bbox 0 0 1672 5184; x_wconf 95' lang='lat' dir='ltr'> </span> 
     </span>
    </p>
   </div>
  </div>
 </body>
</html>
