3284 5184
484 282 573 336 Lucu
591 295 628 335 111
646 296 813 336 nrrsrounn
832 285 892 337 353.
911 285 964 338 354
1296 271 1359 332 213

82 441 168 507 353.
192 443 307 503 natus
329 445 380 504 Ill
398 445 542 521 fratribus
564 446 769 506 Bolloe-eollis
790 448 949 522 parazittit,
981 455 1014 507 at
1036 449 1173 508 domiuus
1195 451 1228 508 de
1251 450 1357 523 ltoclia,

195 558 310 625 epacte
332 551 527 627 fundatorum
549 554 736 625 monasterti,
769 554 832 612 nisi
853 555 928 630 forte
954 555 1199 615 eemnemaaicati
1220 557 1292 628 siat,
1325 558 1359 616 ia

193 658 374 716 monasterio
396 659 542 733 sepeliant.

238 758 310 814 Bibl.
329 766 387 814 nat.
406 761 492 816 Paris.
512 760 583 816 0011.
602 760 717 816 Moreau
735 760 795 816 870.
815 761 863 816 fol.
883 762 943 816 150.
970 779 1057 816 manu
1075 779 1096 816 s.
1115 749 1205 816 xvm'.

171 899 294 964 Lucius
318 903 486 986 episcopus
511 906 608 966 etc.¹²1
644 901 825 967 Relationis
849 909 976 967 vestrae
999 909 1110 968 tenore
1134 905 1359 987 comperimus,
1400 915 1484 974 1182

79 981 169 1086 duod
202 1006 328 1072 nobiles
360 1010 422 1072 viri
454 1009 575 1074 domiui
608 1009 647 1072 de
674 1008 788 1073 Rocha
820 1009 860 1074 de
893 1031 1009 1093 genere
1043 1009 1189 1092 illorum,
1222 1011 1279 1092 qui
1308 1031 1359 1074 ve·
1379 1004 1453 1063 Νῦν·
1467 1007 1516 1064 26·

79 1117 186 1177 strum
210 1114 265 1196 pta
291 1116 470 1180 intentione
498 1117 730 1181 monasterium
762 1116 993 1197 fundaverunt,
1026 1137 1084 1198 pro
1108 1138 1167 1181 sua
1191 1123 1224 1181 et
1247 1137 1361 1181 eorun-

78 1219 154 1282 dem
179 1226 424 1286 antecessorum
448 1244 579 1287 suorum
610 1221 778 1287 devotione
811 1243 850 1286 ao
877 1223 1032 1304 religione
1060 1229 1168 1287 vestra
1196 1223 1284 1306 apud
1306 1245 1362 1288 vos
1425 1277 1427 1282 ,

82 1325 272 1392 desiderent
298 1329 435 1410 sepeliri.
482 1327 637 1394 Volentes
661 1350 737 1411 ergo
762 1329 965 1393 devotIonem
992 1328 1137 1412 ipsorum
1165 1330 1363 1412 apostolicae

79 1421 288 1499 auctoritatis
313 1434 421 1499 favore
444 1436 555 1500 iuvare
579 1442 611 1499 et
633 1436 728 1500 iustis
751 1435 1025 1518 postulationibus
1048 1435 1164 1500 vestrIs
1187 1437 1363 1519 benignum

79 1539 240 1622 praebere
265 1563 471 1622 consensum,
504 1543 729 1624 praesentibus
757 1543 848 1607 vobis
872 1542 989 1606 litteris
1013 1541 1231 1623 indulgemus,
1264 1549 1310 1624 ut,
1336 1543 1363 1607 si

83 1646 225 1728 praefati
248 1649 309 1711 viri
330 1649 473 1712 viventes
497 1648 584 1731 apud
606 1670 662 1713 vos
693 1649 850 1730 elegerint
877 1648 1088 1731 sepulturam,
1118 1648 1227 1712 nullus
1252 1670 1363 1713 eorum

10 1777 11 1786 ¹
82 1752 243 1817 voluntati
263 1754 403 1819 obsistat
425 1761 458 1820 ct
476 1755 550 1819 eosb
569 1756 666 1838 ipsoS,
692 1756 758 1819 sive
776 1756 840 1818 vivi
859 1756 926 1820 sive
944 1755 1065 1819 mortui
1083 1753 1280 1837 deferantur,
1300 1756 1363 1819 nisi

81 1861 354 1924 excommunicati
378 1853 435 1926 aiut
456 1862 621 1925 interdicti
644 1861 774 1943 fuerint,
799 1863 973 1926 cristianae
992 1861 1123 1944 possitis
1138 1862 1212 1931 sine
1237 1867 1366 1940 contra,

84 1964 225 2031 dictione
248 1968 378 2032 tradere
402 1969 602 2052 sepulturae,
637 1968 727 2032 salva
758 1974 868 2032 tamen
900 1969 1056 2032 canonica
1084 1968 1210 2030 iustitia
1232 1967 1362 2031 illarum

80 2074 304 2155 eccleSIarum,
329 2095 467 2155 quarum
489 2074 679 2158 parochiani
698 2075 845 2139 extitisse
864 2080 1051 2139 noscuntur.
1088 2073 1213 2136 Datum
1226 2072 1364 2137 Velletri

82 2177 129 2242 VI
151 2179 231 2244 Kal.
250 2179 451 2245 Decembris.

81 2378 169 2444 354.
195 2381 384 2441 12220111
403 2383 513 2456 liopero
536 2382 666 2457 episcopo
688 2381 887 2440 Laudaaensi
907 2381 1067 2456 permittit,
1094 2387 1128 2439 at
1150 2387 1258 2455 septem
1275 2398 1362 2456 proo-

196 2489 305 2561 baedis,
329 2508 348 2547 a
371 2489 395 2546 b.
418 2508 504 2547 mem.
528 2487 752 2548 Bartholomoeo
774 2488 930 2560 institutis,
955 2488 1085 2564 quiaque
1107 2487 1256 2562 odieeapot.

403 2608 520 2678 Autogr.
539 2607 568 2662 in
587 2607 643 2662 tab.
663 2614 720 2664 nat.
739 2607 826 2661 Paris.
846 2607 877 2661 L.
892 2607 944 2661 232
962 2624 989 2660 n.
1009 2608 1033 2661 6.

171 2749 295 2814 Lucius
319 2749 488 2832 episcopus
513 2770 623 2814 servus
648 2770 813 2814 servorum
832 2747 895 2812 Dei
916 2748 1095 2812 venerabili
1117 2747 1212 2812 fratri
1235 2747 1537 2828 Roger01182-83

80 2855 295 2922 laudunensi
319 2857 469 2939 episcopo
494 2856 632 2920 salutem
656 2862 688 2920 et
711 2856 923 2937 apostolicam
952 2853 1219 2918 benedictionem.
1266 2853 1363 2918 Rela-
1382 2849 1531 2907 Mart-19·

84 2969 152 3027 tum
180 2969 230 3027 est
251 2963 345 3027 nobis
370 2969 520 3047 exparte
539 2969 606 3044 tua,
633 2962 719 3044 quod
742 2962 825 3026 bone
849 2962 1002 3025 memorie
1019 2959 1269 3025 Bartholomeus
1292 2981 1363 3043 pre-

84 3069 236 3134 decessor
258 3076 333 3133 tuus
358 3068 538 3150 attendens
563 3068 651 3151 quod
668 3069 815 3133 canonici
834 3065 968 3131 ecclesie
986 3072 1041 3130 tue
1060 3089 1125 3131 nou
1143 3071 1276 3150 possent
1295 3067 1364 3130 sine

86 3197 205 3258 magna
230 3175 420 3240 difficultate
445 3176 486 3240 ad
510 3175 727 3240 sacerdotium
749 3174 970 3256 recipiendum
993 3172 1116 3254 induci,
1145 3179 1269 3256 septem
1292 3194 1364 3255 pre-

86 3281 210 3346 bendas
242 3283 276 3344 in
304 3282 417 3346 eadem
446 3283 582 3347 ecclesia
606 3283 722 3345 statuit
745 3279 966 3345 sacerdotibus
997 3300 1124 3362 semper
1147 3286 1180 3343 et
1202 3301 1267 3344 non
1291 3279 1364 3342 aliis

86 3388 310 3471 assignandas.
357 3389 408 3453 Tu
435 3395 545 3453 autem
573 3388 759 3452 salubribus
789 3387 934 3468 vestIgiis
965 3385 1033 3484 eius
1060 3384 1211 3454 inherens
1240 3385 1364 3449 deside-

86 3517 137 3560 ras
164 3495 270 3559 adhuc
293 3497 436 3578 quinque
460 3495 602 3575 adicere,
636 3500 673 3557 ut
701 3495 766 3558 sint
789 3493 958 3558 duodecim
981 3491 1015 3554 in
1039 3491 1176 3556 ecclesia
1198 3493 1271 3574 ipsa
1294 3512 1365 3575 pre-

86 3601 221 3683 bendae,
246 3624 308 3683 que
332 3624 460 3686 semper
483 3600 705 3666 sacerdotibus
724 3607 756 3664 et
778 3622 842 3665 non
866 3599 939 3665 aliis
960 3596 1175 3663 conferantur.
1213 3598 1280 3663 Nos
1303 3599 1364 3662 ita-

87 3729 146 3789 que
181 3709 436 3791 considerantes,
471 3708 571 3791 quod,
605 3728 678 3771 oum
707 3707 780 3790 plus
818 3726 916 3787 quam
945 3705 1109 3786 octoginta
1137 3706 1202 3768 sint
1230 3705 1364 3769 ecclesie

87 3814 231 3879 eiusdem
254 3817 410 3897 canonici,
434 3837 499 3880 non
523 3821 572 3879 est
595 3835 757 3895 magnum,
783 3814 811 3876 si
835 3832 963 3894 semper
986 3809 1155 3876 duodecim
1180 3811 1300 3875 fuerint
1323 3810 1364 3875 ad

88 3920 335 3986 sacrificandum
363 3922 502 3986 Domino
525 3910 666 3986 hostiam
689 3919 795 3983 laudis
822 3919 857 3982 in
884 3916 1079 3981 sacerdotali
1110 3917 1222 3981 ordine
1247 3918 1363 3982 consti-

87 4030 157 4110 tuti,
183 4029 421 4111 predecessoris
445 4030 493 4092 tui
512 4026 634 4091 factum
654 4026 848 4090 auctoritate
867 4023 1047 4107 apostolica
1070 4023 1297 4088 confirmamus
1321 4029 1363 4104 et,

87 4141 122 4197 ut
143 4136 346 4218 propositum
369 4141 460 4198 tuum
483 4125 603 4197 nullius
629 4131 883 4198 contradictione
906 4131 957 4194 vel
976 4130 1194 4213 appellatione
1214 4128 1364 4192 obstante

90 4241 276 4324 adimpleas,
291 4241 428 4304 liberam
446 4241 507 4304 tibi
526 4239 731 4304 concedimus
751 4238 945 4302 auctoritate
966 4237 1145 4320 apostolica
1165 4233 1362 4298 facultatem.

90 4345 209 4411 Datum
232 4346 368 4411 Velletri
391 4345 496 4410 XIIII
518 4345 655 4410 Kalend.
680 4345 814 4429 Aprilis

173 4514 185 4538 ⁸
202 4513 305 4560 210002.
377 4509 389 4541 ¹)
408 4526 452 4560 vos
470 4529 490 4558 e.

176 4614 186 4644 ¹
204 4613 327 4668 Litterae
345 4613 487 4668 monachis
506 4611 701 4678 Bellus-vallis,
720 4610 806 4666 dioec.
825 4610 950 4676 Vesont.‚
969 4606 1089 4662 directae
1106 4605 1243 4662 videntur.
