3336 5184
544 263 680 319 Euenum
698 276 735 317 111
753 276 920 318 nrrsronnn
939 263 990 318 199
1341 249 1404 312 103

128 423 212 506 quod
236 424 272 487 in
296 422 438 506 quadam
460 424 663 507 possessione
687 423 737 488 sui
760 423 960 503 monasterii,
984 443 1068 505 qnae
1092 422 1179 506 apud
1202 422 1233 488 S.
1257 422 1404 489 Aricium
1446 423 1532 484 1146

128 532 190 594 sita
213 536 275 613 est,
300 528 457 595 coelificia
480 528 587 594 facere
611 536 644 594 et
667 550 705 594 ea
728 529 771 594 ad
793 529 969 593 utilitatem
994 530 1097 613 ipsius
1126 530 1316 594 monasterii
1337 552 1403 596 me·
1422 511 1496 573 N0V·
1509 512 1560 572 11·

126 637 244 701 liorare
267 635 420 717 intendit,
451 635 508 700 sed
538 657 558 701 a
582 635 777 719 quibusdam
806 635 894 700 illius
917 640 1024 700 terrae
1046 635 1231 702 hominibus
1253 636 1404 721 prohibe-

126 751 188 807 tur.
234 741 460 826 Ideoque¹per
482 742 662 826 apostolica
689 741 781 808 vobis
805 742 927 825 scripta
949 741 1177 825 praecipiendo
1200 743 1402 827 mandamus,

126 855 289 932 quatenus
312 849 549 932 possessionem
572 850 677 932 ipsam
701 848 743 912 ad
767 847 970 914 commodum
993 848 1095 931 ipsius
1114 851 1303 914 monasterii
1326 850 1404 934 legi·

125 957 202 1020 time
226 956 399 1021 meliorare
422 975 481 1020 nec
499 956 562 1038 ipsi
581 954 782 1038 prohibeatis
806 975 865 1019 nec
884 954 926 1019 ab
951 953 1024 1018 aliis
1042 953 1207 1037 prohiberi
1230 955 1281 1020 vel
1303 957 1403 1041 impe-

127 1062 188 1126 diri
212 1062 421 1148 permittatis.
461 1060 496 1126 Si
519 1063 592 1145 quis
616 1067 726 1126 autem
743 1061 804 1126 hoc
823 1067 945 1124 temere
963 1059 1119 1143 impedire
1137 1064 1403 1146 praesumpserit,

124 1168 272 1234 debitam
288 1167 327 1232 dc
341 1168 412 1252 ipso
426 1168 586 1232 iustitiam
605 1167 742 1232 faciatis.
771 1165 894 1231 Datum
904 1165 1044 1232 Viterbii
1062 1165 1115 1230 HI
1133 1166 1182 1230 Id.
1201 1166 1403 1235 Novembris.

124 1418 209 1485 199.
240 1421 610 1496 contunsionem
633 1421 763 1496 episcopo
789 1418 1000 1480 Saraouene
1025 1419 1247 1497 malefactorum
1276 1422 1405 1482 ecclesiae

232 1528 458 1602 ponendorum
480 1527 647 1605 facultatem
670 1527 726 1586 dat.
775 1527 882 1586 Scra‘bd
912 1527 947 1586 dc
971 1525 1151 1603 presbyterc,
1182 1529 1268 1588 arias
1294 1548 1405 1589 mauros

238 1653 258 1692 a
275 1635 422 1709 praedone
444 1635 582 1693 maiiluna
608 1635 655 1692 sit.
706 1633 833 1693 Clericos
865 1633 1008 1692 bamam
1039 1633 1194 1693 minisbos
1225 1635 1293 1711 liert
1322 1642 1403 1696 octat.

237 1741 329 1800 Addit
350 1741 383 1800 dc
410 1741 466 1814 eis,
500 1759 573 1817 quos
598 1739 764 1815 Stephanus
791 1739 956 1816 Araplomm
986 1758 1038 1798 rea
1068 1759 1120 1798 serr
1142 1740 1303 1800 adversarii
1329 1743 1403 1816 aas,

238 1847 386 1906 occaaorre
409 1847 475 1906 belli
490 1865 548 1922 pro
571 1866 657 1923 repon
676 1847 760 1923 pesti,
784 1845 1031 1905 eabercdccnnat.

291 1965 363 2020 Bibl.
383 1971 440 2021 nat.
458 1966 544 2021 Paris.
564 1983 615 2020 ms.
635 1965 682 2020 lat.
704 1966 790 2020 16992
809 1965 856 2020 fol.
877 1966 935 2019 115.
966 1963 1083 2035 Scripsit
1099 1964 1234 2020 Martene.

214 2107 382 2190 Eugenius
393 2109 562 2192 episcopus
577 2129 688 2173 servus
702 2128 867 2173 servorum
877 2107 940 2173 Dei
949 2106 1126 2172 venerabili
1135 2105 1230 2171 fratri
1238 2106 1403 2196 Ioc(elino)
1446 2118 1531 2178 1146

122 2213 360 2279 Saris'beriensi
391 2213 542 2298 episcopo
575 2215 714 2280 salutem
738 2220 771 2279 et
793 2213 1007 2297 apostolicam
1030 2212 1296 2280 benedictionem.
1334 2214 1403 2280 Lit
1422 2206 1496 2268 Νῦν·
1509 2209 1560 2266 26·

122 2329 213 2386 teras
238 2320 454 2385 fraternitatis
481 2327 557 2385 tuae
586 2326 619 2383 et
641 2321 794 2384 nuncium
823 2340 1024 2384 communem
1047 2319 1197 2384 videlicet
1219 2320 1321 2385 filium
1343 2344 1400 2387 no·

123 2435 229 2491 strum
252 2426 432 2492 Robertum
455 2426 681 2510 presbyterum
704 2426 815 2491 debita
837 2426 1038 2508 benignitate
1067 2428 1265 2510 suscepimus
1289 2434 1323 2493 et
1345 2450 1400 2512 op-

122 2533 292 2614 pressione
315 2532 470 2598 ccclcsiae
494 2533 555 2597 tibi
578 2532 682 2598 aDeo
706 2533 907 2614 commissae,
932 2554 1030 2614 quarn
1049 2553 1088 2598 er
1107 2535 1153 2598 eis
1172 2534 1400 2618 intelleximus
1484 2606 1486 2614 s
1544 2614 1549 2623 „

123 2637 296 2704 affectione
319 2644 455 2722 paterna
479 2641 640 2722 compassi
663 2661 782 2704 sumus.
829 2638 972 2722 Ideoque
1004 2640 1078 2722 paci
1105 2645 1142 2703 ut
1171 2642 1403 2725 tranquillitati
1446 2706 1453 2727 ,
1487 2633 1520 2691 «l
1546 2640 1551 2676 ⁷

123 2747 194 2810 eius
218 2745 387 2811 intendere
411 2747 591 2829 cupientes,
624 2744 850 2810 malefactores
882 2750 955 2810 tuos
977 2745 1261 2812 ‘animadversione
1292 2748 1403 2814 debita

123 2853 267 2918 coerceri
290 2853 507 2936 praecipimus
536 2873 655 2935 eosque
684 2852 836 2918 severiori
859 2850 1035 2933 vindictae,
1064 2853 1126 2917 nisi
1154 2856 1348 2939 resipiscant
1370 2862 1403 2922 et

122 2981 143 3024 a
167 2981 230 3023 sua
251 2959 413 3043 pravitate
437 2958 609 3040 desistant,
643 2980 701 3041 pro
726 2957 836 3023 debito
859 2956 957 3022 officii
985 2959 1089 3023 nostri
1113 2959 1272 3026 subiicere
1294 2964 1402 3045 parati

122 3066 255 3130 erimus
294 3065 347 3129 Ad
370 3065 431 3131 hoo
455 3067 603 3145 scientes,
628 3064 716 3146 quod
738 3061 796 3148 per
819 3084 930 3130 omnes
953 3065 1136 3145 provincias
1160 3065 1199 3130 de
1223 3069 1401 3151 apostolico

122 3171 214 3236 fonte
237 3171 423 3255 petentibus
447 3192 602 3254 responsa
626 3192 753 3254 semper
776 3157 942 3251 emanant,
973 3175 1050 3235 tuae
1074 3171 1299 3238 sollicitudinis
1323 3175 1400 3257 vigi-

121 3278 247 3342 lantiae
270 3283 304 3342 et
326 3277 481 3342 consultis
505 3278 702 3361 respondere
725 3277 885 3358 duximus,
910 3282 947 3340 ut
964 3276 1039 3340 inde
1061 3279 1209 3360 regulam
1236 3301 1344 3344 sumas
1369 3286 1402 3346 et

120 3383 351 3448 certitudinem
374 3385 407 3447 in
430 3384 528 3449 rebus
552 3384 670 3465 dubiis,
696 3384 753 3449 ubi
777 3389 875 3465 caput
893 3388 943 3447 est
961 3387 994 3446 et
1012 3384 1142 3448 initium
1160 3385 1401 3451 ecclesiasticae

119 3489 347 3555 institutionis.
378 3489 611 3575 Presbyterum
630 3493 750 3573 itaque,
771 3490 862 3554 ouius
887 3489 966 3554 duos
991 3487 1109 3572 digitos
1134 3513 1207 3556 oum
1225 3491 1400 3557 medietate

117 3597 251 3680 palmae
275 3619 294 3660 a
312 3597 475 3679 praedone
496 3599 657 3663 abscissos
677 3618 747 3662 esse
767 3594 965 3678 significasti,
990 3596 1124 3662 missam
1148 3597 1312 3662 celebrare
1335 3621 1400 3664 non

117 3701 350 3785 permittimus,
376 3705 452 3785 quia
474 3725 534 3770 nec
558 3685 672 3769 secure¹
692 3709 826 3786 propter
845 3701 1047 3766 debilitatem
1069 3705 1222 3769 nec‘sine
1246 3704 1398 3770 scandalo

118 3813 256 3892 propter
278 3810 415 3874 membri
444 3809 682 3875 deformitatem
709 3808 790 3874 haec
817 3807 888 3872 fieri
916 3830 1011 3891 posse
1040 3810 1240 3875 confidimus.
1286 3808 1399 3892 Ipsum

119 3921 231 3979 autem
250 3915 283 3979 in
303 3919 418 3981 ceteris
438 3915 544 3982 officio
564 3915 758 3982 sacerdotali
781 3915 880 3998 fungi,
905 3915 1036 3980 minime
1054 3917 1285 4000 prohibemus1
1307 3917 1399 3980 iuxta
1502 3955 1505 3961 ·

118 4020 203 4085 illud
227 4019 387 4087 delanio
410 4023 593 4105 Praecepta
620 4042 794 4102 canonum,
819 4020 937 4103 quibus
961 4023 1181 4088 ecclesiastica
1203 4023 1326 4106 regitur
1350 4021 1397 4086 di·

120 4128 269 4212 sciplina,
294 4129 378 4192 sicut
401 4129 442 4194 ad
463 4128 680 4193 sacerdotium
703 4129 812 4192 venire
830 4149 896 4192 non
914 4130 1085 4210 patiuntur
1104 4129 1227 4194 debiles
1251 4149 1395 4210 corpore,

120 4236 168 4298 ita
192 4241 234 4316 et,
259 4235 287 4300 si
306 4237 378 4318 quis
398 4234 548 4299 fueritin
568 4256 605 4300 eo
625 4235 819 4300 constitutus
840 4255 877 4298 ac
896 4239 965 4298 turn
985 4233 1084 4299 fuerit
1102 4235 1276 4316 sauciatus,
1302 4235 1397 4298 amit·

119 4349 190 4406 tere
213 4363 279 4406 non
301 4346 418 4424 potest,
443 4341 529 4423 quod
552 4346 697 4424 tempore
718 4361 795 4405 suae
819 4341 1015 4405 sinceritatis
1039 4341 1172 4422 accepit.
1211 4340 1256 4405 Et
1278 4361 1318 4405 ex
1341 4340 1397 4404 Ni·

211 4501 221 4532 ¹
240 4500 452 4570 „Presbyterum
464 4500 702 4571 -prohibemus“
720 4499 851 4570 leguntur
868 4500 954 4554 etiam
972 4500 1002 4554 in
1020 4500 1100 4556 Dect.
1120 4499 1202 4571 Greg.
1221 4499 1253 4554 L.
1273 4500 1329 4555 III.
1348 4500 1397 4554 te

119 4607 142 4644 c.
162 4590 187 4644 2.
261 4589 362 4644 ²Jaffe
380 4588 422 4643 ed.
442 4605 493 4644 seo.
513 4589 572 4644 706.
