3296 5178
254 264 295 327 54
607 262 797 316 Aramum
815 277 840 317 11
857 277 1027 319 nrrsronau
1047 265 1105 319 109.
1126 265 1177 318 110

140 442 234 500 1065.
252 442 417 522 honorem,
451 446 484 504 et
515 462 588 505 cum
621 441 667 504 eis
700 441 953 507 subdiaconatus
977 442 1117 524 accipiat
1139 442 1409 521 benedictionem
1439 444 1533 525 prins

253 554 362 613 tamen
386 547 635 627 discutiendus⁸,
665 548 692 611 si
716 549 784 612 eius
808 548 875 613 vita
899 549 996 630 digna
1024 547 1130 614 officio
1153 549 1329 631 habeatur,
1361 555 1394 613 et
1417 550 1478 631 sic,
1503 551 1533 613 si

254 656 341 720 vitae
369 675 508 720 canones
540 676 605 720 non
636 653 850 736 obviaverint,
883 655 918 719 in
932 655 1045 737 priori
1076 654 1279 720 ordinatione
1312 655 1467 720 diaconus
1499 662 1534 720 et

254 761 417 845 presbiter
433 766 592 825 teneatur.
620 759 773 843 Legimus
793 761 930 825 enimin
950 761 1076 826 actibus
1096 762 1346 845 apostoloruml,
1366 764 1408 826 ad
1427 764 1533 826 sancti

254 868 345 933 Petri
368 867 622 951 predicationem
646 866 829 932 Cornelium
852 889 910 951 pro
934 869 999 933 vite
1022 869 1138 933 merito
1162 874 1238 932 ante
1261 869 1458 951 baptismum
1482 891 1532 934 re-

256 975 379 1058 cepisse
403 975 507 1038 sancti
531 975 664 1057 spiritus
689 963 824 1040 donum.
857 972 974 1039 Divine
997 977 1096 1058 igitur
1119 975 1329 1058 benignitatis
1349 975 1532 1058 clementia,

256 1103 318 1165 que
342 1080 490 1146 Cornelio
514 1081 648 1164 dignata
680 1087 730 1145 est
762 1086 837 1145 ante
860 1081 1058 1164 baptismum
1082 1083 1270 1164 concedere,
1304 1083 1391 1164 quod
1421 1082 1532 1167 purifi-

256 1189 337 1252 catis
361 1187 449 1253 fonte
475 1188 679 1270 baptismatis
699 1187 902 1271 specialiterb
926 1188 1009 1253 solet
1035 1189 1219 1271 infundere,
1248 1189 1387 1272 neglecti
1411 1189 1533 1254 ordinis

255 1295 386 1359 minime
409 1295 549 1378 gratiam
571 1292 771 1376 prohibebit,
795 1295 843 1359 ita
864 1301 902 1359 ut
930 1302 1065 1378 ceteros,
1091 1318 1171 1379 quos
1195 1295 1305 1378 subiit,
1328 1302 1481 1379 reservet,
1505 1297 1534 1360 si

256 1401 324 1464 vita
348 1401 416 1465 eius
441 1407 474 1465 et
497 1401 633 1465 scientia
655 1400 771 1466 honori
795 1402 977 1467 concordet.

256 1671 343 1737 109.
371 1671 536 1730 Alexander
554 1672 591 1732 II
603 1671 730 1748 liedulfo
753 1679 779 1732 et
800 1674 960 1734 Theoboldo
977 1675 1147 1752 presbiteris
1164 1676 1319 1752 permittit,
1342 1683 1385 1749 at,
1405 1676 1536 1752 episcopo

367 1797 430 1837 ooo
444 1779 621 1854 probibente,
640 1781 845 1856 confitentibus
856 1782 1071 1857 poeniteutiam
1088 1773 1252 1858 imponant.
1289 1782 1380 1841 Addit
1397 1783 1431 1841 de
1449 1782 1538 1840 barbo

368 1885 497 1944 vacam
519 1891 545 1946 a
566 1887 600 1945 a
621 1887 732 1965 aaa¹
747 1887 928 1947 ababuc.
1219 1883 1220 1888 ‘

365 2004 435 2060 (loll.
446 2005 514 2060 Brit.
524 2004 605 2060 Alex.
624 2022 667 2076 ep.
677 2007 721 2074 43,
739 2007 769 2060 in
787 2007 847 2063 cod.
857 2007 930 2062 Mus.
941 2007 1009 2062 Brit.
1019 2005 1093 2062 Add.
1103 2007 1174 2062 8873
1192 2026 1213 2062 s.
1224 2021 1272 2061 XII
1289 2007 1327 2061 in.
1347 2006 1393 2062 fol.
1403 2008 1447 2062 46.

145 2168 241 2226 1065.
348 2164 490 2231 Rodulfo
514 2171 547 2231 et
569 2166 757 2233 Theobaldo
780 2167 979 2252 presbiteris.
1018 2165 1122 2250 Super
1149 2167 1267 2250 quibus
1299 2190 1358 2234 nos
1388 2168 1539 2234 voluistis

261 2273 443 2355 consulere,
472 2267 588 2355 'paucis
622 2272 784 2340 devotioni
816 2280 921 2340 vestre
952 2275 1171 2339 necessarium
1211 2275 1360 2340 duximus
1385 2274 1539 2340 scribere.

259 2380 479 2445 Penitentiam
502 2378 731 2446 confitentibus
755 2381 846 2446 vobis
870 2403 971 2446 causa
997 2380 1161 2463 religionis
1188 2382 1366 2465 iniungere,
1393 2382 1539 2464 quando-

261 2487 392 2570 quidem
414 2508 471 2551 vos
494 2486 569 2567 igne
592 2486 692 2551 divini
716 2489 835 2554 amoris
855 2488 978 2554 fervere
997 2511 1062 2553 non
1080 2487 1276 2569 dubitamus,
1296 2489 1359 2552 nisi
1382 2490 1539 2573 episcopi,

260 2595 294 2657 in
313 2614 450 2676 quorum
468 2593 667 2675 parroechiis
686 2596 774 2677 estis,
789 2596 1024 2678 prohibuerint,
1043 2595 1209 2660 licentiam
1227 2595 1351 2658 damus.
1371 2594 1421 2660 De
1433 2594 1541 2660 barba
1645 2597 1646 2602 ’

260 2721 336 2765 vero
359 2699 513 2780 radenda,
545 2700 607 2763 nisi
639 2707 713 2766 voto
746 2701 855 2784 aliquo
889 2703 1159 2785 constringimini,
1193 2723 1265 2766 cum
1296 2702 1411 2767 ceteris
1434 2704 1542 2767 nostri

261 2806 383 2871 ordinis
407 2795 493 2870 idem
517 2812 653 2871 servate.
700 2808 750 2872 De
778 2809 879 2873 missa
905 2809 939 2872 in
963 2809 1113 2874 claustris
1141 2808 1259 2874 vestris
1285 2809 1321 2872 in
1347 2808 1427 2872 locis
1449 2809 1540 2872 vide-

260 2914 336 2979 licet
359 2934 423 2978 non
447 2913 602 2977 sacratis⁰
630 2914 824 2979 celebranda
844 2965 951 2980 ......
957 2914 972 2954 d
995 2917 1068 2998 qui⁰
1091 2916 1195 2981 altare
1222 2914 1450 2997 itinerariumf,
1473 2917 1542 2979 nisi

261 3021 455 3085 necessitate
478 3021 626 3084 itinerisl
647 3021 698 3086 vel
722 3021 857 3086 ecclesie
876 3024 1043 3105 conbuste,
1068 3045 1228 3088 canonum
1247 3028 1420 3105 sequentes
1440 3021 1540 3088 docu-

260 3133 380 3209 menta,
405 3127 556 3209 cuiquam
579 3149 644 3194 non
667 3128 886 3209 concedimus,
910 3130 944 3194 in
962 3128 1063 3218 ipsish
1085 3151 1161 3195 vero
1180 3129 1331 3194 claustris
1351 3135 1542 3196 construere

261 3234 468 3301 consulimus.
971 3253 972 3258 ¹

261 3452 341 3518 110.
372 3452 536 3512 summor
553 3453 589 3512 H
602 3453 712 3513 Autido
731 3455 860 3530 episcopo
882 3455 1012 3528 modat,
1042 3461 1076 3514 ut
1094 3455 1281 3514 Berrrorduoo
1303 3456 1479 3532 episcopam,
1503 3457 1543 3514 ab

372 3559 495 3636 Hupooc
521 3560 669 3619 cardinali
694 3561 871 3638 depositum,
904 3562 976 3638 qwio
1002 3580 1022 3621 o
1048 3562 1211 3622 simoniaco
1239 3561 1393 3622 ordinatas
1420 3563 1471 3636 sit,
1504 3564 1543 3622 a‘o

371 3667 518 3742 lateran
539 3667 682 3727 restituat.

598 3785 667 3841 0011.
687 3787 756 3841 Brit.
775 3787 856 3842 Alex.
874 3787 927 3859 ep!
937 3789 980 3856 71,
998 3787 1016 3842 l.
1035 3787 1053 3842 l.
1072 3787 1120 3843 fol.
1138 3787 1195 3842 49¹).

150 3956 235 4014 1063
348 3946 470 4012 Autidc
495 3948 656 4031 episcopo.
703 3946 906 4030 Conquestus
935 3954 985 4012 est
1006 3947 1194 4013 Bernardus
1223 3949 1403 4032 episcopus,
1426 3947 1540 4030 Hugo-

166 4048 219 4104 aul
259 4076 333 4119 nem
357 4054 556 4119 cardinalem
579 4054 621 4119 ob
644 4055 768 4120 nullam
792 4055 920 4138 culpam
938 4056 1002 4119 nisi
1021 4056 1098 4137 quia
1121 4077 1141 4119 a
1161 4056 1345 4138 symoniaco
1368 4055 1540 4120 ordinatus

145 4135 240 4194 1⁰⁶⁶·
259 4161 376 4244 fuerat,
400 4161 486 4228 eumi
509 4160 707 4244 deposuisse.
740 4161 834 4226 Unde
853 4161 1031 4246 apostolica
1050 4163 1245 4228 auctoritate
1265 4162 1463 4227 fraternitati
1481 4167 1540 4228 tue

347 4348 360 4372 ⁸
378 4347 411 4392 eie
429 4346 482 4394 cod.
537 4340 609 4392 baut
626 4343 800 4406 spiritualiter,
819 4347 845 4392 br
862 4346 914 4394 cod.
934 4339 1038 4407 epulis.
1115 4344 1245 4393 ⁰seorstis
1263 4361 1283 4392 c.
1357 4338 1457 4392 dvorte
1475 4361 1538 4392 oom-

254 4436 330 4494 pluro
347 4437 391 4482 boo
409 4435 460 4482 loco
478 4435 589 4482 medea
601 4442 675 4494 potet.
734 4435 850 4495 eutrop
863 4452 885 4483 o.
901 4436 930 4485 ol.
946 4436 1035 4494 carips'
1049 4435 1099 4482 vult
1116 4447 1198 4496 super.
1253 4427 1497 4482 ‘ebeltinerurium
1516 4451 1538 4484 c.

257 4524 307 4570 iam
324 4524 403 4570 alaeam
420 4537 502 4570 mama
519 4525 626 4572 corruat.
699 4522 813 4572 8itineri
832 4540 852 4573 c.
924 4517 1005 4586 hipsi
1024 4540 1055 4572 a·
1117 4518 1200 4572 ¹eum
1217 4531 1277 4571 recte
1294 4523 1364 4571 adae
1381 4524 1477 4584 Bishop.

349 4624 420 4690 ¹10,
439 4625 482 4677 44.
