3296 5178
468 294 658 350 Arnxxnnm
676 309 701 350 11
719 307 886 350 urrsromn
904 295 947 351 98.
967 297 1001 351 99
1331 279 1373 342 49

92 462 192 519 ditum
210 465 381 536 properent.
419 461 611 520 Postmodum
629 480 708 532 vero,
728 461 899 520 monasterii
917 462 1069 520 commodo
1087 461 1230 538 exigente,
1250 461 1376 539 contigit
1395 456 1507 514 1064-

91 571 141 609 me
164 551 315 609 absentem
338 552 409 611 tore.
454 551 567 610 Audito
595 552 695 609 eutem
718 551 837 621 stenes,
871 551 951 626 quod
973 551 1000 609 ci
1023 569 1102 610 mors
1124 551 1258 626 proximo
1280 551 1374 609 immi-
1404 545 1498 604 1065.

90 643 187 710 noret,
207 640 246 698 ed
263 659 333 698 eum
350 641 462 700 iterum
478 640 648 715 iterumque
666 641 867 710 revertuntur,
887 640 1074 716 tandemque,
1094 660 1140 699 me
1158 639 1251 699 nichil
1268 640 1375 699 horum

89 729 204 787 sciente
233 728 383 805 nichilque
410 729 540 799 volente,
574 729 668 788 nostri
699 731 780 789 veste
812 728 923 788 ordinis
949 729 1087 788 induunt.
1134 729 1178 788 llx
1208 729 1376 806 egritudine

88 820 195 876 autem
223 821 457 892 prememoratus
484 819 577 876 freter
603 817 805 878 convalescens
832 818 959 876 miratur
984 818 1097 877 fectum
1126 821 1156 876 et
1184 818 1377 878 contristetur

88 910 194 982 atque,
211 907 267 966 hoc
280 908 393 966 fuctum
407 927 436 966 se
449 907 605 978 nesciente,
624 907 825 983 conqueritur,
850 927 883 966 ec
896 907 982 966 modo
1001 907 1092 966 simili
1111 907 1273 984 quemlibet
1291 907 1377 985 gravi

87 1001 217 1055 somno⁸
238 986 413 1071 oppressum
431 997 495 1072 ipsc
513 996 614 1055 eadem
631 1015 716 1071 posse
734 996 819 1054 indui
837 999 918 1056 veste
936 996 1136 1072 proloquitur.
1170 997 1237 1071 lpse
1257 1016 1376 1073 quoque

87 1082 215 1156 fraterb,
241 1085 294 1161 qui
311 1085 367 1146 hoc
389 1107 458 1144 eum
479 1086 653 1144 indumento
683 1085 817 1156 vestivit,
847 1104 936 1160 super
959 1086 1013 1145 hoc
1036 1086 1063 1144 ei
1085 1086 1290 1145 testimonium
1311 1105 1375 1161 per-

86 1175 185 1246 hibet,
202 1174 284 1250 quod
296 1176 369 1235 tunc
386 1175 524 1234 videlicet
541 1193 600 1234 non
618 1174 719 1249 ipsum
735 1174 869 1252 integrae
887 1175 994 1234 mentis
1012 1175 1204 1250 conspexerit,
1224 1176 1275 1234 sed
1293 1175 1374 1245 dicit,

86 1265 175 1338 quod
198 1263 320 1323 consilio
343 1267 494 1324 ostentum
517 1264 699 1324 consentiens
717 1264 749 1322 id
767 1264 907 1335 effecerit;
937 1264 998 1340 qui,
1024 1264 1095 1340 quin
1112 1283 1172 1324 non
1193 1283 1258 1324 meo
1280 1265 1374 1335 iussu,

85 1374 137 1411 me
167 1353 324 1430 ignorante
354 1357 444 1430 etque
473 1353 577 1426 invito,
609 1355 655 1413 est
684 1353 862 1425 cucullotnn,
896 1353 979 1412 nullo
1007 1373 1024 1412 e
1051 1373 1097 1412 me
1120 1353 1281 1413 monastico
1303 1353 1375 1430 iugo

85 1443 216 1501 videtur
237 1444 386 1503 artaudus.

86 1727 157 1791 98.
181 1728 348 1786 Alexander
362 1727 399 1787 11
416 1727 565 1786 Henberto
583 1727 750 1787 Mutinensi
770 1727 929 1803 respondet,
953 1733 987 1785 nt
1004 1727 1149 1801 clernnm,
1173 1727 1226 1803 qni
1247 1728 1376 1788 instante

181 1841 276 1894 morte
298 1835 333 1893 in
350 1834 565 1894 monostertrnn
586 1835 616 1894 S.
635 1835 853 1916 Barttobnroet'
874 1839 1002 1910 receptus
1024 1834 1073 1907 sn,
1099 1835 1305 1894 monachicum
1323 1837 1375 1894 hu·

182 1942 278 2001 bitrnn
301 1960 450 2000 osernmere
466 1947 654 2017 pernrewt·
677 1942 728 2002 sed
748 1941 810 2018 copi
833 1959 905 2000 nnn.
923 1947 1004 2000 octat.

432 2061 502 2116 0011.
522 2060 590 2115 Brit.
609 2060 689 2116 Alex.
708 2077 751 2132 ep.
771 2061 814 2128 30,
832 2058 851 2113 l.
870 2059 889 2114 l.
908 2059 954 2116 fol.
973 2059 1029 2114 43¹³.

180 2221 370 2286 Alexander
390 2221 566 2286 Heriberto
589 2222 766 2286 Mutinensi
794 2221 955 2305 episcopo.
1002 2219 1171 2285 Prefatum
1202 2220 1506 2289 clericum11064-

85 2329 207 2412 religio
230 2334 290 2392 tue
312 2328 484 2411 diligenter
506 2328 660 2410 inquirat,
685 2349 823 2411 eumque
849 2326 1005 2392 mundum
1032 2326 1215 2408 relinquere
1238 2326 1374 2410 Deoque
1402 2319 1497 2378 1065·

87 2437 214 2500 servire
240 2434 350 2500 debita
373 2435 618 2501 exhortacione⁰
645 2455 850 2518 permoneat,
882 2436 930 2499 ite
956 2439 1066 2498 tamen
1089 2432 1186 2516 quod,
1210 2433 1238 2498 si
1261 2456 1373 2499 verum

87 2564 173 2625 esso,
193 2542 282 2625 quod
295 2543 329 2606 in
348 2543 465 2608 litteris
484 2540 634 2606 abbane
657 2542 849 2624 continetur,
869 2541 1049 2624 agnoveris
1073 2540 1164 2604 nulla
1183 2540 1244 2605 sibi
1262 2563 1373 2606 mona-

87 2650 221 2714 chicum
245 2649 397 2732 portandi
425 2649 573 2714 hcibtum
600 2648 754 2714 violentie
783 2649 956 2731 inferatur,
989 2648 1046 2714 sed
1077 2648 1208 2732 proprie
1231 2653 1373 2712 tantum-

86 2755 189 2821 modo
211 2755 372 2820 voluntati
394 2753 608 2835 relinquatur.

86 3063 153 3127 99.
179 3063 343 3122 Alenonder
365 3063 401 3122 II
419 3063 604 3140 Philippum,
626 3083 721 3140 repom
739 3065 937 3136 Francorum,
965 3069 991 3122 et
1017 3064 1151 3122 comitem
1178 3064 1213 3122 B.
1241 3065 1372 3123 certiores

181 3169 284 3242 renidet,
307 3171 480 3240 neonosten't'
512 3170 542 3230 S.
565 3171 708 3248 Dionysii
734 3172 892 3230 libertatern
919 3170 954 3228 tn
976 3169 1097 3229 coneilio
1122 3173 1161 3246 (6.
1183 3170 1255 3229 Mat.
1279 3172 1370 3248 1065)

181 3277 336 3353 firntntcsm
358 3296 435 3351 esen·
458 3296 549 3354 qnam
570 3284 604 3337 nt
627 3278 789 3354 defendunt,
809 3279 949 3337 hortatur.

186 3397 215 3466 1)
234 3396 270 3450 In
288 3395 354 3450 bibl.
373 3402 431 3451 nat.
450 3397 536 3451 Paris.
555 3397 650 3452 Ohart.
670 3396 699 3453 S.
718 3397 847 3467 Dionysii
865 3414 886 3450 s.
905 3408 959 3464 XL,
977 3409 1029 3450 ms.
1049 3396 1097 3451 lnt.
1115 3413 1179 3452 nov.
1198 3414 1277 3469 aequ.

219 3486 280 3554 326,
298 3484 345 3540 fol.
365 3485 425 3552 25123
453 3485 480 3556 2)
498 3485 529 3540 in
546 3486 634 3541 tabul.
652 3491 709 3541 nat.
727 3486 814 3541 Paris.
828 3484 966 3559 Ohcrth.
981 3485 1111 3555 Dionysii
1129 3503 1150 3540 s.
1167 3499 1247 3554 xm„

582 3576 638 3631 LL.
659 3577 736 3631 1156.
755 3574 802 3631 fol.
822 3574 877 3630 lib.
1088 3573 1095 3588 '

182 3734 391 3821 A(lexander)
401 3736 571 3820 episcopus
582 3757 693 3801 servus
703 3757 868 3802 servorum
879 3735 930 3799 dei
939 3735 1112 3801 karissimo
1122 3735 1189 3802 filio
1197 3736 1371 3822 Ph(ili'ppo)
1409 3753 1492 3812 1065

90 3843 163 3924 rogi
190 3841 394 3907 Francorum
426 3848 459 3906 et
488 3842 690 3909 nobilissimo
718 3843 828 3908 comiti
854 3842 894 3908 Β.
927 3842 1068 3908 salutem
1098 3848 1132 3908 et
1160 3844 1371 3928 apostolicam
1398 3842 1491 3918 (Mai).

90 3947 362 4014 benedictionem.

182 4053 355 4120 Nobiliteti
382 4061 488 4121 vestro
516 4062 630 4122 notum
652 4055 723 4121 fiori
746 4055 908 4137 volumus,
933 4055 1020 4138 quod
1053 4055 1156 4120 abbas
1183 4056 1372 4122 monasterii

93 4163 199 4227 sancti
221 4162 370 4245 Dycnisii
393 4162 564 4246 martyrisd
593 4163 679 4246 apud
702 4169 848 4228 nostram
872 4162 1072 4228 audientiam
1096 4184 1193 4246 super
1220 4163 1371 4246 episcopo

92 4269 330 4334 Parisiacensi⁰
362 4270 461 4335 semel
489 4276 523 4335 et
551 4270 692 4336 secundo
723 4269 821 4334 fuerit
847 4275 992 4353 questus,
1020 4269 1172 4334 videlicet
1193 4269 1280 4352 quod
1302 4269 1372 4352 ipse

183 4457 197 4481 ⁸
213 4465 292 4500 sonno
310 4469 330 4503 e.
402 4445 543 4516 1Ἰἱρεεεὲῂ
566 4457 598 4502 cu
616 4451 678 4503 fio.
752 4451 950 4502 eexhorticione
968 4469 988 4502 c.
1066 4448 1191 4500 ‘¹Christi
1209 4450 1328 4514 martyris
1346 4451 1372 4503 2.

92 4547 103 4569 ⁰
121 4555 161 4603 ep.
182 4540 318 4589 Pcrisieuei
336 4542 360 4592 2.

184 4645 194 4674 ¹
213 4643 376 4699 Iohannem.
450 4643 558 4715 ’Papii
576 4644 639 4699 obb.
659 4644 687 4699 S.
707 4644 924 4712 Bartholomsei;
943 4642 1007 4698 vide
1024 4659 1067 4713 ep.
1086 4642 1304 4713 praecedentem.

148 4753 330 4798 boxwxnrnnn.
350 4751 422 4803 Epist.
437 4753 503 4793 Pont.
518 4753 582 4792 Rom.
1141 4732 1159 4785 4
