3336 5184
335 303 477 357 Horonrr
494 317 519 356 11
537 317 575 356 nr
594 303 780 356 quocuurn
798 317 823 356 11
841 316 1008 358 nrrsrounn
1028 308 1086 359 171.
1107 305 1158 359 172
1341 291 1383 352 85
1441 321 1444 326 ·

216 468 310 527 libras
327 468 518 527 decumana
535 469 714 528 monasterio
732 469 895 527 extorsisse.
932 469 960 527 A
984 470 1092 528 talibas
1114 471 1240 548 injuriis
1257 471 1384 543 desistat,

253 575 315 634 ueca'
341 576 365 633 't

210 594 253 651 pr
290 593 362 730 Bilil.
382 681 440 731 nat
459 676 546 731 Paris.
566 675 635 732 0011.
655 676 759 732 leuze
777 677 812 732 46
831 677 878 732 fol.
898 675 964 731 eso
982 695 1070 732 manu
1088 695 1110 733 s.
1130 691 1208 734 xvn.

193 818 361 884 Honorius
386 819 555 903 episcopus
580 841 691 884 servus
716 841 881 884 servorum
891 818 953 882 Dei
972 819 1149 885 venerabili
1173 820 1267 884 fratri
1286 819 1385 904 He(n-
1407 826 1563 883 1125-30

102 927 182 1011 rico)
217 925 396 991 Senonensi
432 926 675 1009 archiepiscopo
708 927 846 991 salutem
879 930 913 989 et
944 927 1157 1009 apostolicam
1188 925 1384 991 benedictio·
1404 913 1558 989 (181¹·14·)

102 1054 189 1097 nem.
228 1032 377 1096 Dilectus
401 1031 487 1096 filius
511 1039 622 1097 noster
645 1033 804 1120 Erbertus
829 1031 931 1097 abbas
957 1033 1061 1096 sancti
1085 1033 1175 1098 Petri
1199 1033 1262 1097 vivi
1287 1031 1384 1098 Seno·

102 1141 215 1204 nensis
241 1139 458 1222 conqueritur,
483 1139 570 1222 quod
593 1145 661 1202 tam
679 1140 787 1222 ipsum
806 1160 904 1222 quam
927 1139 1160 1203 monasterium
1184 1138 1247 1203 sibi
1271 1140 1386 1204 comis-

103 1269 188 1327 sum,
214 1245 369 1310 eeclesias
393 1252 427 1310 et
449 1246 660 1310 ecclesiarum
683 1267 816 1309 suarum
838 1243 1045 1328 presbyteros
1068 1245 1220 1328 gravibus
1245 1247 1386 1312 exactio-

103 1353 217 1417 nibus
243 1358 357 1418 contra
393 1352 586 1437 episcopalis
624 1351 723 1418 officii
755 1351 1035 1416 mansuetudinem
1066 1336 1237 1435 inquietes.
1293 1350 1386 1417 Unde

103 1458 301 1524 mandamus
323 1459 394 1541 tibi,
419 1465 456 1524 ut
479 1465 547 1524 tam
568 1460 682 1542 ,ipsum
706 1480 804 1541 quam
827 1459 1058 1523 monasterium
1090 1481 1184 1523 suum
1213 1459 1247 1523 in
1275 1458 1386 1523 debita

104 1588 187 1648 pace
212 1571 246 1630 et
270 1567 377 1648 quiete
400 1567 559 1648 remittas,
583 1565 746 1649 nichilque
764 1570 895 1647 praeter
914 1565 1178 1630 consuetudinem
1197 1566 1385 1650 praedeces-

105 1695 216 1738 sorum
241 1677 371 1738 tuorum
403 1672 445 1737 ab
477 1694 515 1738 eo
548 1673 599 1737 vel
629 1671 839 1737 ecclesiarum
872 1693 1003 1736 suarum
1027 1671 1230 1755 'presbyteris
1259 1673 1386 1755 exigere

105 1786 163 1844 aut
187 1785 381 1862 extorquere
403 1801 604 1862 praesumas.
643 1777 735 1844 Sicut
757 1779 843 1842 enim
867 1779 1062 1861 accepimus,
1085 1778 1171 1842 infra
1194 1784 1260 1845 tres
1285 1780 1386 1872 conti-

104 1909 187 1953 nuos
211 1909 315 1952 annos
340 1886 494 1951 ducentas
517 1886 619 1950 libras
643 1884 850 1949 denariorum
870 1884 975 1949 eidem
993 1885 1190 1951 monasterio
1210 1885 1385 1950 abstulisti.

104 1994 149 2058 Et
173 1995 328 2076 quoniam
351 1993 584 2058 monasterium
602 1992 688 2058 idem
708 1993 768 2057 sub
787 1991 891 2056 tutela
910 1997 1022 2056 nostra
1041 1998 1074 2056 et
1092 1990 1279 2058 defensione
1298 1993 1386 2057 beati

103 2101 196 2166 Petri
222 2105 281 2183 est,
305 2122 365 2165 nos
387 2101 473 2165 illico
496 2099 619 2165 talibus
644 2099 683 2163 de
707 2103 814 2163 cetero
838 2119 902 2162 non
930 2099 1092 2181 patiemur
1122 2100 1385 2183 oppressionibus

103 2207 325 2292 praegravari.

104 2408 178 2475 171.
219 2408 373 2468 Honorius
394 2407 430 2465 11
448 2407 606 2482 Dustcrpc‘o
629 2407 759 2482 episcopo
782 2405 984 2464 Lemma'cecsi
1006 2405 1141 2478 mandet,
1169 2411 1204 2464 ot
1230 2425 1250 2464 c
1276 2406 1387 2465 clericis

218 2517 284 2574 creis
306 2513 484 2575 mausiaco
509 2513 539 2573 S.
563 2513 644 2572 Petri
669 2511 833 2572 Scaeuae
855 2513 967 2571 ablatus
990 2512 1120 2571 ecclesus
1143 2513 1260 2572 restitui
1287 2513 1386 2591 faciat.

299 2634 371 2689 Bibl.
389 2638 447 2688 nat.
466 2632 555 2688 Paris.
574 2631 644 2686 Ooll.
664 2631 769 2686 Baluze
786 2633 822 2687 46
840 2632 887 2687 fol.
907 2632 960 2687 383
977 2649 1064 2703 manu
1083 2649 1104 2686 s.
1123 2645 1201 2687 xvn.

195 2778 360 2842 Honorius
389 2775 559 2858 episcopus
587 2795 699 2838 servus
728 2795 894 2839 servorum
916 2775 978 2839 Dei
1002 2774 1182 2840 venerabili
1203 2774 1296 2842 fratri
1320 2775 1561 2841 Eu-1125-30

104 2884 252 2970 (storgio)
271 2881 550 2950 lemovicensium
574 2881 725 2964 episcopo
749 2881 886 2945 salutem
906 2887 939 2946 et
957 2882 1171 2966 apostolicam
1190 2881 1385 2946 benedictio·
1425 2872 1486 2930 1³11·
1501 2871 1550 2930 14-

104 3013 191 3055 nem.
239 2989 344 3053 Filius
367 2993 478 3052 noster
501 2986 661 3051 Erbertus
689 2986 791 3051 abbas
820 2989 925 3052 sancti
952 2988 1042 3053 Petri
1066 2987 1261 3054 Sunonensis
1289 3009 1386 3070 super

104 3095 304 3180 quibusdam
327 3095 392 3159 tuis
416 3095 542 3159 clericis
567 3094 785 3176 conqueritur,
810 3094 949 3176 quodsi
973 3095 1126 3160 ecclesias
1151 3095 1190 3159 de
1214 3093 1385 3160 Sacrciaco

105 3211 137 3268 et
171 3204 212 3269 de
245 3201 432 3268 Aureoludo
465 3201 507 3266 ad
541 3222 634 3264 suum
666 3202 865 3284 pertinentes
900 3203 1132 3268 monasterium
1170 3201 1383 3266 abstulerunt.

104 3311 200 3376 Unde
224 3309 416 3374 mandamus
439 3307 510 3390 tibi,
535 3313 572 3372 ut
593 3308 712 3372 iniuste
736 3307 848 3372 ablata
866 3308 967 3372 facias
986 3309 1015 3373 ei
1038 3309 1177 3373 restitui.
1215 3308 1303 3372 Data
1321 3307 1384 3372 La-

105 3418 212 3483 terani
236 3414 372 3480 XVIIII
394 3415 468 3480 Kal.
493 3413 675 3479 Februarii.

104 3688 186 3756 172.
218 3686 408 3747 remaneres
422 3686 458 3744 u
476 3686 667 3744 maccam
685 3691 711 3744 e
727 3685 908 3752 scama,
932 3670 1100 3744 accessus
1115 3687 1384 3760 Fcaclarr'ccscs,

220 3813 254 3853 ac
276 3793 310 3852 B.
334 3799 360 3852 ct
382 3793 416 3852 R.
440 3793 582 3865 bortatur,
605 3811 642 3851 ce
664 3793 879 3852 morcestcrc'am
900 3793 1152 3852 Mareseaecres
1179 3813 1267 3870 ceper
1292 3801 1385 3853 cestro

220 3900 356 3960 Petaso
378 3900 548 3976 inquietent.

352 4000 424 4056 Bibl.
444 4005 501 4056 nat.
521 4000 607 4056 Paris
626 4017 677 4055 ms.
696 4000 744 4054 lat.
766 4001 852 4055 13915
871 4018 891 4055 s.
911 4013 982 4055 xvn
999 4000 1047 4056 fol.
1067 4000 1140 4054 14212.

195 4144 404 4209 Innocentius
429 4146 599 4227 episcopus
627 4164 737 4208 servus
767 4165 933 4208 servorum
956 4143 1018 4207 Dei
1046 4142 1227 4207 illustribus
1260 4141 1386 4206 feminis
1435 4156 1520 4216 1130

106 4251 283 4317 comitissis
310 4251 651 4317 Forcalcheriensibus
675 4249 867 4315 Gumandae
896 4255 929 4314 et
956 4249 1119 4314 Simianae
1151 4254 1183 4312 et
1210 4247 1248 4312 B.
1273 4253 1323 4311 eta
1345 4246 1385 4310 R.
1405 4246 1486 4321 Sept.
1500 4251 1550 4307 22.

106 4357 272 4425 nobilibus
295 4359 373 4422 viris
398 4358 535 4423 salutem
560 4363 593 4422 et
611 4356 824 4440 apostolicam
843 4355 1110 4422 benedictionem.
1153 4354 1387 4422 Monasterium

197 4543 209 4567 ¹
227 4543 252 4588 et
269 4541 363 4588 addida

200 4645 209 4674 ¹
228 4642 270 4698 Of.
290 4642 397 4698 litteras
415 4641 624 4715 subsequentes.
