3336 5184
267 276 308 336 86
661 291 847 345 quoouurn
864 304 889 344 11
907 304 1074 345 nrrsronsn
1095 293 1144 344 173
1191 293 1194 302 ¹

139 448 224 507 1130
265 450 386 515 Montis
408 450 541 514 maioris
571 448 660 514 beati
683 449 774 514 Petri
806 451 886 514 iuris
918 450 1029 514 existit
1056 455 1089 514 et
1116 449 1158 514 ad
1185 456 1332 515 sanctam
1359 450 1546 516 Romanam

100 536 180 611 Sept·
195 539 247 596 22·
266 556 435 621 ecclesiam
455 555 639 639 specialiter
656 557 802 622 noscitur
820 559 991 639 pertinere.
1021 555 1254 621 Antecessores
1269 557 1429 639 siquidem
1443 558 1546 620 vestri

265 663 372 728 locum
394 664 501 745 ipsum
519 662 699 745 ‘plurimum
718 663 889 746 diligentes
909 669 1053 728 castrum
1071 663 1259 727 Pertusium
1283 685 1342 746 pro
1361 665 1546 728 animarum

266 791 397 833 suarum
421 769 527 833 salute
549 769 698 852 praefato
721 770 918 836 monasterio
942 769 1157 835 contulerunt.
1200 769 1395 836 Guillelmus
1415 791 1546 853 quoque

266 897 372 942 comes
395 881 470 958 post
491 875 605 958 longas
633 874 857 941 infestationes
885 876 989 941 eidem
1017 875 1126 940 illatas
1154 877 1220 940 iam
1248 876 1371 940 dictum
1400 882 1547 940 castrum

264 1003 323 1066 per
345 1004 476 1046 manum
500 981 611 1046 fratris
633 983 737 1046 nostri
759 981 935 1068 L(augerii)
958 983 1186 1048 Aviuionensis
1210 985 1353 1066 episcopi
1376 982 1546 1065 praedicto

264 1089 461 1154 monasterio
488 1089 523 1152 iu
550 1093 654 1153 morte
682 1110 741 1152 sua
768 1091 921 1154 restitnit.
967 1089 1111 1172 Ideoque
1138 1090 1302 1156 nobilitati
1332 1095 1458 1154 vestrae
1485 1110 1546 1172 per

265 1195 451 1279 praesentia
470 1195 592 1278 scripta
610 1193 811 1277 mandamus,
836 1201 996 1278 quatenus
1015 1197 1297 1279 praenominatum
1316 1201 1459 1261 castrum
1478 1196 1546 1258 iam

266 1303 387 1367 dictum
410 1302 643 1367 monasterium
676 1303 744 1366 sine
777 1303 1012 1384 inquietatione
1040 1303 1207 1386 possidere
1236 1308 1269 1368 et
1297 1305 1365 1368 sine
1393 1303 1546 1368 molestia

265 1409 462 1493 permittatis
495 1413 529 1472 et
560 1407 601 1472 ab
635 1409 704 1472 eius
736 1408 943 1475 infestatione
976 1409 1016 1473 de
1049 1415 1156 1474 cetero
1185 1409 1366 1490 desistatis3
1400 1409 1546 1491 alioquin

265 1515 448 1600 praefatum
481 1515 714 1580 monasterium
751 1537 810 1579 sua
842 1516 964 1599 privari
994 1517 1122 1580 iustitia
1153 1516 1339 1584 nullatenus
1371 1517 1544 1601 patiemur.

265 1623 388 1688 Datum
412 1621 499 1706 apud
522 1627 671 1686 sanctum
693 1620 867 1704 Aegidium
880 1622 924 1686 -X
945 1622 1112 1688 Kalendas
1137 1621 1299 1689 Octobris.

265 1856 344 1924 173.
376 1858 566 1918 Icrwceolc'as
588 1858 625 1917 ΙΙ
641 1863 754 1932 παπαί,
778 1876 838 1916 sese
860 1857 895 1916 ia
917 1863 1017 1918 colace
1042 1858 1072 1919 S.
1095 1860 1222 1918 Martini
1250 1860 1306 1936 (18.
1330 1859 1414 1935 Noc.)
1442 1859 1546 1936 fraba-

377 1965 431 2023 aas
449 1964 701 2024 Matusalae
723 1964 871 2023 arbatum
892 1964 921 2023 S.
940 1965 1055 2024 Mariae
1074 1967 1336 2039 Roeabanocsem
1360 1986 1380 2025 a
1402 1965 1548 2042 fratribus

378 2071 588 2132 &cinensibus
611 2073 783 2148 offectatmn,
806 2071 997 2130 odicdlcossc.

514 2189 586 2245 Bibl.
605 2195 662 2245 nat.
681 2191 768 2247 Paris.
787 2208 838 2246 ms.
857 2189 906 2245 lat.
927 2191 1013 2245 13915
1032 2208 1055 2246 s.
1075 2204 1145 2246 xvn
1164 2190 1210 2246 sol.
1232 2192 1290 2246 141.

150 2340 234 2399 1130
356 2332 563 2398 Innocentius
583 2333 753 2416 episcopus
777 2354 889 2397 servus
913 2354 1080 2399 servorum
1098 2333 1161 2399 Dei
1189 2333 1316 2398 dilectis
1335 2332 1411 2397 filiis
1423 2333 1548 2417 P(etr0)

138 2431 206 2488 D00·
219 2431 248 2488 4·
268 2439 381 2504 abbati
409 2445 442 2504 et
469 2438 635 2505 monachis
659 2440 780 2505 Montis
812 2440 944 2505 maioris
977 2441 1116 2505 salutem
1149 2445 1182 2505 et
1213 2439 1426 2524 apostolicam
1449 2439 1547 2504 bene-

269 2546 452 2611 dictionem.
500 2544 580 2610 Cum
599 2546 686 2628 apud
710 2551 858 2611 sanctum
876 2546 1050 2628 Aegidium
1073 2546 1274 2630 fuissemus,l
1297 2568 1395 2631 super
1419 2552 1548 2612 contro·

268 2653 384 2734 versia,
413 2673 497 2736 quae
520 2653 683 2718 intervos
708 2658 741 2717 et
763 2652 967 2717 Lirinensem
991 2653 1165 2718 abbatem²
1188 2653 1228 2718 de
1252 2654 1389 2718 ecclesia
1413 2658 1548 2717 sauctae

268 2760 393 2825 Mariae
417 2759 456 2824 de
479 2759 677 2825 Rocabruna
706 2759 904 2843 agitabatur,
933 2765 1075 2825 vestram
1098 2762 1318 2842 praesentiam
1340 2759 1434 2826 uobis
1459 2759 1547 2824 exbi-

268 2866 395 2931 buistis.
442 2866 508 2933 Nos
533 2873 652 2948 autem,
684 2866 838 2949 quoniam
870 2871 948 2930 tunc
975 2867 1018 2931 ad
1046 2888 1179 2931 oausam
1207 2867 1367 2950 agendam
1394 2867 1548 2950 imparati

268 2973 378 3055 eratis,
403 2974 576 3038 terminum
595 2973 686 3039 vobis
706 2980 739 3038 et
757 2973 805 3038 illi
824 2973 1019 3056 praeteritas
1038 2973 1128 3038 beati
1140 2973 1275 3038 Martini
1299 2979 1430 3038 octavas
1454 2994 1549 3056 prae·

267 3078 407 3144 fiximus.
445 3078 575 3146 Statuto
598 3080 709 3163 itaque
733 3081 871 3145 termino
894 3086 1006 3146 nostro
1030 3102 1086 3146 vos
1105 3081 1293 3164 conspectui
1311 3081 1548 3163 praesentastis

268 3192 302 3252 et
332 3192 401 3252 tam
432 3193 558 3252 vestras
595 3209 693 3270 quam
730 3186 860 3251 abbatis
892 3185 1072 3252 Lirinensis
1105 3187 1317 3268 allegationes
1354 3187 1547 3254 audivimus.

268 3291 475 3358 Asserebatis
495 3295 590 3376 enim,
614 3292 796 3377 praefatam
820 3293 989 3358 ecclesiam
1008 3315 1028 3358 a
1045 3293 1239 3375 Bertranno,
1264 3293 1429 3376 quondam'
1446 3293 1548 3359 Foro-

268 3400 397 3465 iuliensi
428 3402 593 3484 episcopo,
618 3401 813 3466 monasterio
846 3406 953 3465 vestro
982 3400 1082 3465 fuisse
1109 3421 1311 3484 concessam,
1345 3403 1548 3466 econtrario

268 3529 343 3573 vero
362 3507 541 3572 Lirinensis
561 3506 663 3572 abbas
683 3508 889 3573 concessione
909 3509 1105 3573 successoris
1126 3508 1185 3590 sni,
1206 3507 1396 3591 Berengarii
1411 3506 1548 3573 Foroiu-

268 3614 379 3679 liensis
403 3614 556 3698 episcopi,
581 3613 624 3678 ad
652 3635 746 3678 suum
770 3613 957 3679 affirmabat
979 3614 1212 3680 monasterium
1234 3615 1408 3698 pertinere.
1456 3613 1547 3679 Cete-

268 3743 341 3786 rum
363 3743 419 3787 vos
443 3721 658 3784 instrumenta
681 3721 783 3804 ipsius
807 3721 998 3804 Berengarii
1026 3721 1228 3804 ostendistis,
1258 3721 1376 3803 quibus
1400 3721 1548 3786 eamdem

269 3828 440 3893 ecclesiam
457 3828 547 3892 vobis
566 3826 753 3892 firmaverat
772 3833 870 3911 atque
890 3835 1103 3894 concesserat.
1139 3826 1353 3893 Postmodum
1372 3850 1447 3894 vero
1467 3829 1548 3893 duos

268 3941 379 4016 testes,
404 3933 614 4000 Guillelmum
644 3932 794 3999 videlicet
821 3934 997 4001 Bertranni
1020 3941 1053 4000 et
1075 3935 1254 4017 Augerium
1278 3934 1317 3999 de
1340 3933 1546 4016 Rocabruna‚

268 4044 301 4107 in
324 4042 466 4106 medium
485 4039 693 4123 produxistis,
718 4042 774 4123 qui
791 4043 888 4106 tactis
903 4043 1119 4108 sacrosanctis
1138 4041 1312 4124 evangeliis
1326 4040 1546 4120 firmaverunt,

269 4149 444 4214 sevidisse
468 4153 613 4230 tempore
636 4147 796 4230 praedicti
818 4148 994 4214 Bertranni
1012 4148 1246 4215 Foroiuliensis
1270 4149 1413 4231 episcopi
1437 4169 1547 4213 mona-

269 4255 345 4321 chos
373 4255 494 4321 Montis
526 4255 658 4320 maioris
688 4257 968 4337 praenominatam
996 4257 1166 4321 ecclesiam
1195 4261 1327 4320 sanotae
1355 4254 1480 4319 Mariae
1508 4254 1547 4319 de

269 4362 465 4428 Rocabruna
487 4361 671 4445 possedisse
694 4367 728 4426 et
750 4364 918 4428 annuatim
943 4363 982 4428 de
1001 4384 1040 4428 ea
1060 4363 1191 4428 servitia
1215 4363 1406 4446 suscepisse.
1444 4361 1546 4426 Audi·

360 4541 369 4570 ¹
388 4538 413 4592 A
432 4538 477 4594 die
495 4539 537 4591 11.
556 4538 592 4593 ad
611 4538 637 4593 d.
657 4539 699 4594 22.
718 4556 755 4593 m.
771 4539 952 4610 Septembris,
971 4547 1003 4595 ut
1023 4541 1168 4612 apparebit
1186 4558 1221 4595 ex
1240 4549 1409 4612 regestorum
1426 4539 1548 4595 secunda

271 4626 399 4683 editione.
473 4628 483 4658 ²
502 4626 647 4682 Genuum.
