3284 5184
521 323 611 377 Lucu
629 337 666 376 111
684 336 854 377 nrrsronsn
873 324 925 377 366
1300 310 1360 372 221

6 499 7 558 ,
84 488 142 562 set,
167 482 207 545 R.
233 482 379 562 clericus,
413 481 469 564 qui
492 483 601 564 plures
625 482 725 547 habet
750 483 918 563 ecolesiaS,
952 483 993 547 ab
1018 505 1055 548 eo
1078 505 1137 566 per
1160 483 1278 550 multas
1305 485 1550 548 im-1181-85.

82 589 256 670 pensiones
287 595 339 652 et·
351 590 540 670 gravamina
572 590 792 653 iuramentum
824 589 864 653 de
897 590 1056 654 solutione
1086 590 1219 654 maioris
1249 611 1363 654 census

82 696 229 759 extorsit.
275 694 382 776 Igitur
414 717 486 759 cum
520 697 562 759 sit
593 696 793 778 prohibitum
825 697 859 759 in
891 696 1026 760 concilio
1057 696 1286 776 Lateranensi,
1324 719 1364 761 ne

81 802 157 888 novi
181 822 298 866 census
322 803 529 886 imponantur
562 802 706 866 ecclesiis
737 803 789 867 vel
815 807 940 867 veteres
969 809 1233 884 augmententur,
1268 804 1363 867 susti-

6 911 7 938 ³
81 929 160 972 nere
183 930 250 972 non
272 931 443 992 possumus
466 911 691 990 incorrectum,
717 908 805 991 quod
827 914 921 972 tanta
939 908 1037 973 fuerit
1062 910 1247 973 temeritate
1270 931 1363 993 prae·

74 1021 243 1094 .sumtum;
267 1015 465 1079 fraternitati
488 1021 565 1080 tuae
594 1037 652 1098 per
675 1015 856 1098 apostolica
880 1016 1001 1098 scripta
1024 1016 1225 1097 mandamus,
1245 1020 1363 1104 'quate-

81 1143 143 1184 nus
168 1122 325 1203 inquisita
354 1122 544 1205 apartibus
572 1123 724 1203 veritate,
759 1123 863 1186 si-ita
886 1143 956 1186 esse
981 1123 1171 1203 constiterit,
1205 1123 1363 1205 praescri-

81 1235 175 1310 ptum
214 1241 363 1292 censuma
400 1228 442 1292 ad
475 1229 605 1293 solitum
644 1229 840 1293 auctoritate
872 1235 997 1310 nostra,
1036 1229 1292 1293 contradictione
1331 1235 1364 1293 et

82 1334 302 1417 appellatione
335 1342 498 1415 cessante,
530 1335 667 1399 reducas
701 1341 734 1400 et
760 1341 974 1400 memoratum
998 1335 1037 1400 R.
1067 1334 1288 1399 ecclesiastica
1316 1336 1362 1399 di-

83 1442 251 1506 strictione
284 1443 467 1524 compellas‚
500 1447 537 1506 ut
561 1442 761 1525 praedictum
786 1440 826 1507 G..
852 1443 1086 1524 aiuramento,
1112 1441 1197 1524 quod
1222 1440 1263 1505 ab
1291 1442 1362 1524 ipso

81 1548 216 1630 recepit,
241 1547 390 1612 absolvat
409 1554 441 1612 et
461 1548 500 1611 de
521 1554 628 1613 cetero
648 1555 802 1613 consueto
822 1570 921 1613 censu
945 1554 1115 1613 contentus
1135 1549 1263 1629 existat,
1289 1570 1362 1612 eum

6 1735 8 1750 ι
82 1674 213 1736 quoque
246 1652 285 1718 de
317 1660 411 1719 tanta
438 1656 681 1737 praesumtione
708 1656 824 1738 punias
854 1655 965 1718 taliter
988 1654 1047 1717 sub
1072 1654 1289 1737 appellatione
1313 1676 1361 1718 re-

6 1765 7 1802 f
81 1767 181 1842 mota,
207 1760 294 1842 quod
317 1761 433 1824 saltem
447 1781 561 1844 ‘poena
585 1761 720 1826 docente
745 1767 920 1844 cognoscat
942 1760 1122 1844 periculum
1147 1761 1271 1825 cunctis
1296 1761 1361 1825 exi·

82 1874 179 1948 stere,
204 1867 389 1932 constitutis
413 1867 599 1950 apostolicis
624 1867 781 1932 obviare.1
1204 1874 1206 1878 ’

615 2034 828 2042 -———-‹-——

82 2137 170 2203 366.
194 2139 310 2196 molas
327 2138 379 2197 III
396 2141 546 2198 waiocrst's
568 2141 755 2199 ecclesiaram
770 2141 911 2215 mactatis
929 2140 1060 2210 maudut,
1079 2157 1116 2197 ac
1133 2140 1240 2215 fratres
1262 2139 1361 2214 bospi-

195 2246 263 2304 tolc's
282 2245 546 2321 Hierosolymitani
564 2265 652 2321 sapor
671 2249 756 2306 bouis
774 2247 988 2306 testamentario
1006 2247 1106 2320 tepolis
1124 2247 1185 2304 allo
1203 2247 1290 2304 modo
1312 2246 1360 2304 ic-

195 2352 330 2427 quacient.

345 2434 462 2506 Autogr.
482 2436 512 2489 in
530 2436 597 2491 bibl.
616 2443 674 2491 nat.
687 2437 773 2492 Paris.
792 2455 843 2491 ms.
857 2436 997 2490 1618998.
1016 2434 1063 2491 fol.
1077 2437 1102 2488 1.

171 2593 293 2658 Lucius
326 2596 495 2679 episcopus
526 2619 637 2661 servus
662 2619 827 2662 servorum
850 2597 913 2661 Dei
941 2577 1180 2661 venerabilibus
1204 2594 1360 2659 fratribus
1382 2612 1535 2670 1184-85

81 2701 350 2785 archiepiscopis,
384 2703 558 2785 episcopis,
593 2709 626 2768 et
658 2704 784 2768 dilectis
815 2703 890 2768 filiis
921 2703 1106 2783 abbatibus,
1139 2701 1300 2785 prioribus
1330 2709 1362 2765 et
1396 2702 1453 2760 Iul.
1466 2702 1516 2760 29.

79 2809 241 2873 universis
261 2809 471 2873 ecclesiarum
489 2809 655 2891 praelatis,
676 2811 717 2874 ad
737 2833 817 2892 quos
836 2811 965 2874 litterae
989 2812 1050 2873 iste
1069 2799 1286 2891 pervenerint,
1311 2830 1361 2872 sa-

79 2916 184 2979 lutem
208 2920 241 2979 et
265 2914 475 2998 apostolicam
499 2916 768 2982 benedictionem.
811 2917 930 2982 Dilecti
954 2915 1014 2980 filii
1036 2916 1141 2980 nostri
1165 2914 1282 2978 fratres
1305 2914 1362 2980 ho-

81 3021 209 3104 spitalis
233 3021 493 3104 ierosolymitani
517 3044 648 3105 gravem
672 3029 785 3089 contra
812 3046 868 3089 vos
897 3023 1117 3106 deposuerunt
1139 3023 1172 3084 in
1201 3021 1362 3086 auditorio

79 3136 194 3193 nostro
228 3129 402 3210 querelam,
436 3130 522 3210 quod
546 3131 677 3195 tertiam
710 3136 837 3213 partem
866 3152 991 3210 eorum,
1025 3149 1087 3211 que
1116 3128 1181 3191 illis
1205 3129 1239 3192 in
1262 3134 1362 3192 testa-

80 3241 192 3299 mento
215 3235 375 3317 legantur,
406 3259 465 3318 pro
489 3243 595 3300 vestre
619 3238 795 3302 voluntatis
829 3236 964 3301 arbitrio
989 3234 1203 3316 extorquetis,
1238 3241 1271 3299 et
1298 3235 1363 3299 alia

80 3341 272 3423 gravamina
294 3341 484 3407 multimodo
509 3344 691 3426 irrogantes
720 3366 778 3426 pro
803 3343 922 3407 litteris
946 3342 1066 3407 nostris
1089 3340 1214 3404 nullam
1238 3341 1284 3404 eis
1309 3362 1362 3404 cu-

80 3449 164 3511 ratis
188 3448 346 3511 iustitiam
370 3449 532 3515 exhibere.
581 3448 742 3531 Quoniam
764 3450 864 3531 igitur
887 3450 933 3512 sic
956 3443 1046 3513 vobis
1071 3447 1185 3511 adesse
1205 3448 1361 3529 volumus,

81 3560 118 3618 ut
149 3555 339 3618 memoratis
372 3554 527 3621 fratribus
562 3558 596 3619 in
630 3577 689 3619 sua
721 3555 832 3620 deesse
864 3556 990 3619 iustitia
1021 3537 1153 3618 minime
1183 3554 1362 3636 videamur,

80 3661 289 3724 universitati
316 3667 443 3725 vestrae
470 3683 530 3744 per
558 3662 738 3745 apostolica
766 3663 889 3746 scripta
915 3661 1107 3726 mandamus
1139 3666 1237 3741 atque
1260 3660 1362 3742 preci-

81 3768 199 3850 pimus
225 3767 378 3848 quatinus
402 3767 442 3832 de
465 3767 531 3850 his,
563 3790 626 3851 que
649 3769 835 3833 memoratis
859 3768 1015 3832 fratribus
1040 3767 1159 3830 dantur
1182 3766 1224 3830 ab
1248 3767 1362 3848 aliqui-

81 3873 142 3937 bus
176 3874 211 3936 in
239 3874 379 3938 sanitate
411 3875 462 3938 vel
494 3873 700 3956 infirmitate,
735 3876 762 3938 si
793 3881 907 3958 postea
940 3874 1162 3939 convaluerint
1192 3879 1249 3936 aut
1277 3873 1362 3955 apud

83 3981 166 4044 alios
190 3978 343 4043 tumulati
365 3979 500 4062 fuerint,
529 3982 711 4064 portionem
744 3982 887 4064 aliquam
915 4002 980 4045 non
1009 3981 1163 4062 queratis.
1210 3979 1261 4042 De
1290 3979 1362 4042 aliis

82 4107 159 4150 vero
182 4085 388 4169 parochianis
412 4088 541 4168 vestris,
566 4089 622 4170 qui
645 4087 832 4152 laborantes
856 4089 890 4150 in
913 4088 1065 4151 extremis
1090 4085 1176 4169 apud
1200 4085 1362 4169 predictos

83 4192 203 4256 fratres
232 4192 354 4273 eligunt
377 4194 522 4276 sepeliri,
556 4200 674 4275 quarta
709 4195 780 4258 sitis
809 4195 997 4258 testamenti
1020 4199 1113 4276 parte
1138 4194 1281 4258 contenti
1304 4213 1364 4256 nec

81 4298 209 4382 aliquid
241 4299 282 4363 ab
316 4299 362 4362 eis
395 4300 533 4381 amplius
567 4301 714 4382 exigatis.
762 4300 825 4366 Sed
853 4321 912 4364 nec
936 4301 1151 4383 sepulturam,
1182 4321 1280 4382 quam
1307 4320 1365 4382 per

173 4466 185 4490 ⁵
204 4477 303 4510 sensum
321 4480 341 4510 c.

175 4566 185 4596 ¹
204 4565 288 4619 Hanc
306 4571 334 4620 et
351 4582 406 4631 eas,
425 4582 496 4635 quae
515 4564 693 4635 praecedunt,
712 4567 842 4637 epistolas
851 4567 979 4621 Martene
997 4582 1032 4620 ex
1049 4582 1187 4620 canonum
1203 4565 1364 4620 collectione

85 4654 176 4709 adhuc
194 4654 337 4724 incognita
354 4653 532 4724 descripsisse
550 4653 667 4709 videtur.
