3284 5184
286 269 349 331 256
675 283 861 338 Gonnnsrmr
878 295 916 334 111
933 294 1100 336 nrrsronan
1117 281 1170 336 412

163 444 248 503 1194
285 444 509 509 universorum
533 443 739 527 complicium
759 465 902 524 suorum,
926 443 1013 506 omni
1038 443 1256 526 appellatione
1280 449 1313 508 et
1329 445 1499 511 occasione
1520 466 1576 509 re-

137 534 202 592 Iun.
215 534 266 592 20·
285 556 384 632 mota,
404 549 511 614 Deum
535 551 638 615 solum
661 550 819 615 habentes
838 571 917 634 prae
941 550 1042 614 oculis
1067 555 1101 613 et
1122 550 1249 615 nullum
1271 551 1439 617 hominum
1459 552 1576 618 formi-

118 663 120 668 '
286 657 416 738 dantes,
446 656 603 722 ecclesiae
627 657 861 723 Tarraconensi
893 661 1007 722 nostra
1038 655 1113 720 freti
1146 657 1341 723 auctoritate
1378 658 1576 723 adiudicare

286 769 319 827 et
342 764 532 846 consignare
560 765 694 847 curetis,
728 771 766 829 ut
798 764 936 830 ecclesia
963 763 1050 846 ipsa,
1083 784 1168 846 quae
1201 763 1340 829 eundem
1371 765 1576 831 homicidam

286 870 349 934 sihi
372 870 534 952 persensit
555 869 723 954 infestum,
753 871 870 936 saltem
900 869 1033 952 aliquod
1057 870 1209 935 solatium
1232 871 1266 935 in
1288 871 1440 936 habendo
1458 891 1513 934 res
1538 876 1577 934 et

285 974 500 1041 hereditatem
533 976 678 1043 eiusdem
709 979 817 1043 valeat
844 977 994 1061 experiri.
1040 975 1218 1042 Praeterea
1245 977 1393 1043 volumus
1422 983 1455 1041 et
1477 976 1576 1041 iube-

286 1105 372 1164 mus,
405 1088 442 1146 ut
464 1082 626 1147 illustrem
648 1104 758 1166 regem
781 1084 990 1166 Aragonum1
1017 1083 1178 1148 moneatis
1202 1083 1375 1166 diligenter
1403 1088 1436 1147 et
1459 1082 1575 1148 effica-

286 1190 367 1254 citer
388 1188 566 1272 inducatis,
596 1189 683 1272 quod
711 1190 825 1255 itidem
853 1190 954 1254 faciat
977 1188 1137 1254 derebus
1161 1196 1195 1254 et
1216 1189 1456 1256 hereditatibus
1479 1190 1576 1254 illius

287 1296 435 1378 alterius,
470 1297 526 1378 qui
548 1295 720 1378 Hugonem
753 1318 896 1380 quoque,
923 1296 1110 1379 praedictae
1135 1296 1291 1361 ecclesiae
1319 1297 1503 1361 antistitem
1527 1295 1574 1359 ab

285 1403 348 1467 isto
371 1403 514 1484 tertium,
538 1402 712 1468 interfecit.
758 1403 811 1468 Ad
835 1403 986 1467 ultimum
1009 1424 1095 1484 vcro,
1120 1403 1197 1485 quia
1220 1402 1338 1467 fratres
1362 1401 1575 1486 hospitalarii

285 1511 320 1573 in
348 1509 489 1592 quodam
512 1530 625 1574 manso
650 1516 682 1573 et
705 1511 778 1574 aliis
810 1509 915 1574 eidem
938 1509 1173 1574 Terraconeusi
1205 1509 1361 1575 ecclesiae
1391 1507 1575 1592 plurimum

285 1616 433 1683 iniuriosi
457 1615 609 1698 existunt,
635 1617 837 1682 annectimus
861 1617 895 1679 in
918 1617 1116 1699 praeceptis,
1145 1622 1182 1680 ut
1205 1637 1260 1681 eos
1284 1616 1327 1680 ad
1350 1615 1574 1680 exhibendam

287 1742 384 1805 super
406 1722 457 1786 his
480 1722 716 1806 plenitudinem
743 1722 890 1787 iustitiae
917 1743 977 1805 per
1004 1743 1175 1787 censuram
1198 1722 1468 1804 ecclesiasticam,
1503 1744 1573 1786 non

287 1829 438 1894 obstante
469 1830 699 1912 appellatione,
724 1829 858 1911 cogatis.
906 1826 1000 1910 Quod
1024 1829 1051 1892 si
1074 1849 1185 1894 omnes
1213 1829 1265 1893 his
1288 1827 1486 1910 exequendis
1514 1849 1572 1892 ne-

287 1935 455 2018 quiveritis
479 1936 646 2018 interesse‚
672 1936 734 2001 duo
758 1941 902 2000 vestrum
916 1935 1178 2000 eanihilominus
1198 1940 1410 2018 exequantur.
1443 1933 1572 1998 Datum

287 2041 411 2107 Romae
435 2042 521 2126 apud
545 2040 577 2107 S.
598 2041 732 2106 Petrum
750 2041 819 2106 XII
834 2039 994 2105 calendas
1012 2039 1098 2122 Iulii,
1123 2041 1332 2125 pontificatus
1355 2041 1459 2108 nostri
1483 2063 1573 2106 anno

288 2154 415 2231 quarto.

288 2363 370 2429 412.
403 2365 582 2425 Caelestinus
600 2366 651 2425 ΙΙΙ
669 2366 884 2442 archiepiscopo
900 2366 1123 2426 Vesontiorreresi
1141 2366 1261 2442 eiusque
1279 2366 1476 2442 saffrayaaeis
1495 2367 1572 2424 scri-

397 2473 438 2532 bit
461 2474 494 2532 de
516 2473 649 2547 eriqaedo
677 2472 701 2532 b.
726 2473 807 2532 Petri
829 2474 980 2549 quondam
1010 2473 1220 2548 archiepiscopi
1246 2472 1483 2532 Teraatesieresis
1506 2491 1571 2530 cor-

392 2597 465 2655 pore
487 2580 522 2638 ia
543 2579 723 2638 monasterio
746 2580 944 2639 Belioeoaliis
966 2581 1086 2655 sepelio.

446 2697 518 2753 Bibl.
537 2703 595 2752 nat.
614 2697 701 2752 Paris.
720 2697 791 2752 Ooll.
810 2699 926 2754 Moreau
944 2697 1005 2753 870.
1025 2699 1071 2753 fol.
1092 2697 1151 2752 178.
1170 2716 1258 2752 manu
1277 2715 1298 2752 1.
1313 2711 1404 2752 xvm.

154 2863 237 2922 1195
377 2856 559 2922 Oelestinus
582 2859 751 2941 episcopus
775 2880 885 2922 servus
906 2879 1070 2924 servorum
1089 2858 1172 2923 Deir
1194 2858 1434 2923 venerabilibus
1458 2856 1570 2921 fratri-

121 2955 268 3014 Febr-19·
287 2963 348 3028 bus
372 2963 544 3030 Bisuntino
568 2964 830 3049 archiepis00p02
863 2971 896 3029 et
927 2963 1139 3047 suffraganeis
1172 2964 1241 3029 eius
1270 2965 1409 3029 salutem
1433 2970 1466 3028 et
1490 2987 1570 3048 apo-

288 3070 436 3137 stolicam
459 3070 742 3137 benedictionem.b
788 3068 949 3152 Quoniam
972 3072 1058 3136 sicut
1080 3070 1176 3135 fialae
1200 3092 1317 3136 aureae
1341 3071 1571 3136 odoramento-

286 3199 359 3242 rum
382 3178 497 3261 plenae
522 3178 643 3241 sanoti⁰
671 3177 873 3242 orationibus
902 3179 969 3242 suis
996 3177 1030 3241 in
1054 3183 1229 3261 conspectu
1256 3178 1407 3242 altissimi
1431 3177 1473 3241 ad
1498 3177 1571 3241 abi-

287 3282 435 3347 ciendam
457 3289 642 3349 nostrorum
671 3284 841 3348 eriminum
869 3284 1087 3368 corruptelam
1118 3284 1249 3350 odorem
1273 3284 1444 3349 suavitatis
1473 3285 1569 3348 emit-

286 3395 373 3470 tunt,
407 3390 454 3454 ita
486 3390 585 3455 saluti
614 3395 745 3455 nostrae
778 3390 938 3455 credimus
967 3390 1108 3475 plurima
1140 3390 1301 3474 expedire,
1335 3391 1364 3454 si
1387 3411 1500 3455 eorum
1534 3391 1570 3453 in

285 3497 381 3560 terris
405 3497 569 3561 celebrare
593 3495 678 3562 non‘1
700 3496 848 3561 laxamus
868 3498 1067 3579 memoriam,
1092 3499 1236 3581 ipsorum
1255 3497 1373 3561 merita
1393 3496 1569 3580 solempni·
1629 3513 1630 3523 ¹

179 3613 182 3620 '
286 3602 347 3666 bus
369 3603 539 3668 recolendo
562 3604 738 3687 preconiis,
768 3625 906 3685 quorum
933 3604 967 3667 in
996 3603 1110 3668 111111Θ
1134 3621 1301 3687 speramus
1324 3603 1568 3668 intercessioni-

286 3709 347 3773 bus
366 3708 506 3773 assiduis
526 3709 681 3774 adiuvari.
714 3709 799 3774 Sane
818 3710 1065 3792 postulaverunt
1084 3730 1104 3773 a
1122 3710 1215 3775 nobis
1234 3709 1345 3773 dilecti
1364 3707 1424 3772 filii
1443 3708 1570 3774 abbas³

286 3821 319 3879 et
342 3822 517 3880 conventus
541 3815 741 3897 Bellevallis,
775 3821 812 3879 ut
836 3814 922 3897 quod
946 3815 985 3879 de
1010 3821 1123 3880 sancta
1147 3816 1406 3897 conversatione,
1437 3816 1506 3879 vita
1535 3821 1569 3879 et

285 3923 409 3988 meritis
433 3923 522 3987 beati
545 3921 636 3986 Petri
660 3922 824 4004 quondam
842 3921 1103 3986 Tarentasiensis
1128 3922 1373 4006 archiepiscopi,
1399 3923 1491 3986 cuius
1515 3943 1567 3984 11-

285 4029 429 4095 nerabile
453 4051 569 4112 corpus
597 4029 630 4092 in
658 4050 769 4094 eorum
792 4028 990 4093 monasterio
1013 4029 1203 4110 requiescit,
1227 4027 1384 4112 plurimar
1405 4035 1497 4093 certa
1519 4029 1566 4090 in-

286 4137 371 4201 dicia
395 4158 504 4201 coram
535 4135 629 4200 nobis
663 4140 695 4198 et
724 4134 881 4199 fratribus
908 4135 1028 4199 nostris
1056 4134 1220 4217 quondam
1249 4135 1380 4199 fuerunt
1403 4134 1511 4199 relata
1534 4139 1566 4198 et

285 4265 343 4308 nos
376 4242 497 4307 auditis
529 4241 703 4306 virtutibus
737 4242 806 4305 eius
839 4246 873 4304 et
903 4240 1134 4307 miraculorum
1166 4242 1314 4324 insigniis
1355 4240 1395 4305 de
1428 4240 1564 4306 fratrum

374 4424 609 4474 Ι(1111111111111.
628 4441 648 4472 c.
728 4418 866 4471 bsalutem
885 4425 932 4470 etc.
951 4440 971 4471 c.
1060 4422 1167 4471 ‘saneti
1185 4425 1280 4484 addidi,
1299 4425 1343 4471 tec
1361 4425 1421 4471 enim
1438 4423 1566 4470 1111111111

287 4515 376 4560 eadem
393 4515 504 4560 eamdieoe
517 4523 591 4574 putet.
664 4505 744 4559 “non
763 4513 856 4559 addidi.
929 4515 991 4560 esio
1008 4514 1094 4572 empti
1105 4529 1153 4573 pro
1172 4512 1245 4560 terris
1263 4514 1316 4561 eod.
1386 4507 1527 4576 ‘plurimo
1545 4529 1564 4560 r.

376 4613 580 4684 ι1111111111
599 4615 638 4668 ΙΙ.
712 4613 723 4643 ²
742 4613 885 4684 Stephano
904 4620 954 4669 aut
971 4612 1105 4668 Amadeo.
1180 4614 1372 4670 ⁸Herbertus.
