3336 5184
1 361 2 378 ,
494 310 630 365 6166666
648 323 686 364 111
703 323 870 366 nrrsrcnsn
889 311 948 366 195.
969 311 1020 366 196
1332 294 1392 355 101

1 427 3 486 1

1 549 2 580 1

114 474 199 540 195.
229 476 384 552 Maeuius
406 475 456 536 III
475 475 631 534 66666666
656 477 847 534 Tor-nocemus
877 449 1018 549 bortatur,
1047 481 1081 534 ut
1103 475 1243 535 Ausulmo
1265 474 1395 550 episcopo

230 601 250 640 a
271 601 332 642 6666
354 587 515 642 6666666666
539 581 679 641 6666666.

314 700 387 756 Bibl.
405 705 463 756 666.
482 700 567 756 Paris.
587 717 637 754 66.
656 700 705 756 lat.
726 700 812 756 16992
831 700 878 755 fol.
897 700 932 756 85
951 717 1037 755 manu
1055 699 1194 756 16666666.

206 861 375 943 Eugenius
399 860 568 945 episcopus
593 882 704 928 666666
724 881 890 926 66666666
908 860 971 925 Dei
990 861 1116 926 dilectis
1134 859 1210 924 filiis
1234 860 1397 926 canonicis
1448 860 1531 922 1146

115 967 335 1033 Τ666666666
360 967 516 1031 66616666
540 967 678 1033 6616666
701 973 734 1031 66
757 967 971 1050 apostolicam
993 966 1260 1032 benedictionem.
1303 965 1397 1031 86111-
1414 953 1501 1011 Mffi‘l·
1515 951 1564 1010 15·

114 1075 181 1138 cite
205 1073 411 1140 considerare
435 1095 491 1140 666
515 1073 680 1156 convenit,
698 1079 744 1155 ut,
769 1073 847 1154 quia
874 1094 933 1156 per
955 1073 1018 1138 Dei
1041 1075 1181 1156 gratiam
1209 1079 1242 1137 66
1265 1077 1398 1138 sanctae

114 1181 287 1246 Romanae
307 1180 464 1246 ecclesiae
484 1180 733 1246 sollicitudinem
752 1185 785 1244 et
802 1179 1039 1263 providentiam
1052 1185 1218 1263 pastorem
1231 1179 1398 1263 proprium

114 1288 284 1368 obtinetis,
309 1288 355 1351 66
378 1283 484 1372 ipsius
512 1286 704 1351 liberalitati
735 1286 931 1370 respondere
965 1291 1007 1368 66,
1031 1286 1118 1369 quod
1141 1308 1162 1351 6
1184 1285 1277 1351 nobis
1302 1305 1399 1368 super

114 1394 180 1459 hoe
199 1393 323 1458 factum
342 1399 401 1475 est,
426 1394 460 1457 in
474 1414 533 1458 666
546 1391 701 1458 firmitate
716 1397 927 1458 manutenere
942 1393 1073 1474 666666,
1097 1397 1134 1456 66
1157 1391 1271 1457 eadem
1294 1396 1399 1456 mater

114 1505 228 1566 666666
251 1505 365 1564 666666
387 1499 536 1566 Romana
560 1498 759 1565 ecclesia'de
782 1504 910 1564 6666666
941 1499 1121 1566 devotionis
1150 1497 1265 1564 studiis
1289 1504 1397 1580 gratu·

115 1607 204 1672 16666
229 1612 328 1688 atque
351 1605 454 1671 honor
471 1606 534 1671 Dei
558 1611 591 1669 66
609 1605 764 1670 66616666
788 1627 866 1670 6666
885 1606 920 1670 in
942 1594 1003 1671 boe
1027 1604 1124 1688 facto,
1149 1606 1233 1670 sicut
1256 1605 1397 1688 speravi-

117 1735 201 1793 mus,
227 1717 395 1796 augeatur.
434 1709 594 1793 Quocirca
616 1733 675 1795 per
694 1711 891 1795 apostolica⁸
914 1713 1159 1776 universitatem
1181 1716 1324 1776 6666666
1347 1733 1397 1776 66-

116 1841 244 1902 gamus,
269 1839 436 1884 6666666
460 1823 558 1900 atque
582 1818 813 1901 praecipimus,
838 1820 990 1902 quatinus
1017 1816 1235 1884 venerabilem
1263 1817 1398 1882 fratrem

116 1932 268 1992 nostrum
285 1925 509 2011 A(nselmum)‚
529 1945 636 2006 quem,
662 1925 796 2007 spiritus
820 1926 923 1990 sancti
941 1926 1049 2008 gratia
1067 1926 1226 2006 invocata,
1250 1923 1342 1989 vobis
1365 1925 1398 1988 in
1491 1921 1493 1926 ’

117 2034 308 2118 episcopum
332 2032 600 2112 6666666661666,
625 2037 793 2113 tamquam
816 2031 892 2096 boni
915 2030 974 2095 filii
998 2032 1122 2096 sincero
1147 2029 1265 2096 affectu
1284 2029 1397 2112 diliga-

115 2141 160 2204 tis
185 2144 219 2204 66
241 2139 405 2203 honoretis
439 2143 471 2204 et
504 2137 649 2203 debitum
682 2138 711 2202 ei
743 2137 898 2202 honorem
931 2143 964 2202 66
990 2138 1206 2203 6666666666
1232 2135 1399 2201 humiliter

116 2245 317 2324 exhibeatis3
354 2246 388 2309 in
412 2245 478 2309 suis
502 2265 630 2327 quoque
659 2243 908 2310 necessitatibus
937 2245 983 2308 sio
1014 2246 1043 2310 ei
1065 2243 1236 2328 providere
1260 2248 1293 2307 66
1314 2242 1397 2307 66166

117 2373 198 2434 erga
222 2352 353 2416 eumin
377 2350 525 2416 omnibus
549 2351 717 2434 vosipsos
741 2349 893 2415 exhibere
918 2350 1087 2432 studeatis²
1110 2355 1148 2415 66
1161 2350 1259 2415 ,11666
1284 2349 1398 2414 exinde

116 2459 296 2524 honoretur
319 2463 352 2523 66
374 2456 489 2530 eadem
518 2457 654 2522 6661666
686 2461 791 2520 66666
823 2462 932 2521 666666
960 2456 1019 2521 666
1052 2458 1154 2541 ipsius
1182 2457 1339 2539 regimine
1367 2460 1399 2520 66

115 2563 334 2647 providentia,
357 2569 468 2630 666666
492 2569 654 2628 66666666
678 2562 795 2644 studio,
820 2568 888 2627 666
912 2563 1104 2646 spiritaliter
1127 2584 1224 2646 quam
1248 2583 1398 2646 corpora·

115 2671 194 2736 liter
212 2675 342 2754 gratum
359 2669 499 2735 Domino
523 2670 680 2754 suscipiat
696 2670 941 2734 incrementum.
980 2668 1145 2753 Quidquid
1164 2671 1250 2734 enim
1268 2668 1399 2734 honoris

116 2783 151 2841 et
173 2777 377 2842 reverentiae
402 2776 464 2841 sibi
488 2776 668 2841 exhibitum
698 2775 806 2856 fuerit,
838 2775 931 2841 nobis
956 2775 1185 2857 ascribemusb,
1213 2778 1297 2841 etsi
1321 2774 1400 2859 quid

116 2883 259 2966 injuriae
283 2882 334 2947 661
352 2883 532 2965 66166666,
557 2882 644 2966 quod
661 2905 726 2948 non
745 2881 917 2964 eredimus,
940 2883 1120 2965 irrogatum
1142 2883 1237 2948 nobis
1260 2883 1399 2966 imputa·

117 2989 238 3054 bimus.
283 2988 373 3054 Data
395 2988 640 3073 Transtyberim
663 2988 776 3053 Idibus
799 2988 920 3054 Martii.

116 3329 203 3396 196.
235 3331 463 3406 1666666611]
490 3331 631 3407 episcopis
661 3330 790 3389 ecclesiuc
813 3331 1008 3390 3666666666
1034 3331 1229 3408 6666966666
1245 3329 1398 3406 prostabit,

232 3442 266 3495 ut
289 3437 374 3496 Petro
402 3437 613 3513 archiepiscopo
644 3437 777 3496 66616666
808 3443 834 3496 et
861 3438 904 3496 cd'
930 3437 1053 3496 6666666
1075 3438 1153 3511 eius,
1187 3437 1232 3495 666
1258 3437 1293 3495 to
1320 3455 1399 3495 6666
1507 3515 1510 3522 Δ

232 3542 406 3616 celebrando,
430 3544 569 3603 66666666

227 3660 299 3715 Bibl.
315 3667 372 3716 nat.
387 3661 474 3716 Paris.
485 3661 579 3716 Chart.
593 3661 707 3717 Bitun'o.
727 3679 748 3716 6.
759 3675 827 3715 xm.
846 3662 1026 3718 66166666,
1039 3665 1117 3734 aequ.
1130 3661 1323 3717 1214161266

209 3838 376 3920 Eugenius
408 3839 577 3923 episcopus
607 3859 717 3904 servus
741 3860 910 3904 servorum
932 3839 996 3906 Dei
1023 3840 1263 3906 venerabilibus
1292 3837 1399 3904 fratri-
1450 3832 1534 3892 1146

116 3947 181 4012 bus
207 3946 367 4028 episcopis
386 3945 599 4011 Bituricensis
629 3944 784 4010 ecclesiae
816 3945 1028 4029 suffraganeis
1053 3947 1191 4019 6616666
1216 3952 1249 4012 66
1271 3951 1400 4029 aposto·
1418 3923 1504 3982 Mart.
1518 3922 1568 3979 2⁶·

116 4053 217 4118 licam
240 4050 508 4116 benedictionem.
547 4051 678 4134 Equum
697 4057 730 4116 et
752 4052 948 4117 rationabile
972 4059 1031 4134 est,
1050 4059 1097 4136 66,
1122 4054 1177 4136 qui
1200 4053 1311 4118 multis
1334 4052 1399 4117 lae·

117 4164 211 4224 tatur
231 4177 385 4241 praeesse
409 4156 560 4239 subditis,
585 4159 651 4223 suis
675 4157 860 4223 6611666666
885 4159 1056 4224 erubescat
1080 4159 1213 4224 subesse
1232 4158 1398 4243 praelatis.

118 4263 316 4330 Obedientia
339 4285 480 4347 namque
503 4264 574 4329 6616
597 4271 656 4346 666,
681 4285 765 4347 quae
789 4263 864 4329 fidei
887 4266 1039 4331 meritum
1061 4264 1217 4348 possidet,
1242 4265 1311 4329 sine
1334 4285 1400 4347 qua

117 4369 260 4436 infidelis
293 4370 367 4452 quis
401 4390 472 4434 6666
505 4372 719 4453 convincitur,
758 4372 886 4435 etiamsi
922 4369 1028 4436 fidelis
1065 4371 1203 4436 existere
1240 4370 1396 4436 videatur.

118 4474 281 4558 Quocirca
303 4496 362 4559 per
384 4476 565 4560 apostoliea
590 4476 681 4542 vobis
701 4477 823 4560 scripta
841 4473 1033 4543 mandamus
1053 4482 1151 4561 atque
1169 4477 1397 4560 praecipimus

208 4661 221 4686 ⁸
238 4658 370 4705 addendum
387 4660 477 4706 6616666
495 4658 594 4720 scripte.
667 4653 680 4685 ¹³
698 4661 731 4707 666
748 4661 833 4720 scripsi
845 4676 892 4720 pro
911 4658 1059 4708 ascribimus
1077 4661 1129 4708 cod.
