3284 5184
472 240 655 297 0111111111
673 257 710 298 111
728 257 895 300 1111111111
912 247 966 302 402
1292 236 1355 298 247

94 397 305 480 promulgavit.
352 398 416 464 Sed
439 399 507 464 filia
535 405 736 488 praescripta
758 405 883 490 Aledis,
917 408 1121 474 absolutione
1148 431 1356 494 nequaquam
1395 409 1479 468 1192

94 505 222 584 obtenta,
254 505 382 569 cuidam
405 507 473 572 viro
497 508 724 575 nichilominus
752 513 875 580 nubere
897 517 1029 598 propria
1056 517 1240 582 temeritate
1264 539 1355 601 prae·
1374 499 1433 557 Mai
1446 499 1496 558 ¹²·
1536 557 1538 560 -

94 613 225 695 sumpsit.
272 611 324 676 De
346 619 454 677 vestra
477 614 577 697 igitur
599 617 773 700 prudentia
801 620 1013 704 confidentes,
1044 624 1263 706 querimonias
1291 645 1355 688 me-

93 725 219 782 moratas
243 724 351 783 vestro
376 719 525 785 duximus
550 724 690 787 examini
719 728 981 811 committendas,
1014 729 1202 795 discretioni
1228 736 1356 795 vestrae

91 845 137 906 per
157 825 338 909 apostolica
362 828 484 910 scripta
507 829 710 911 mandantes,
736 834 900 917 quatinus,
924 837 1047 901 vocatis
1071 836 1114 902 ad
1136 838 1356 921 praesentiam

91 937 216 996 vestram
241 933 298 1014 qui
321 932 442 997 fuerint
469 936 634 1017 evocandi,
659 936 800 1003 audiatis
819 940 894 1005 hino
918 941 994 1007 inde
1021 945 1189 1026 proposita
1212 950 1245 1007 et
1268 943 1355 1026 quod

90 1037 196 1102 iustum
219 1038 329 1122 fuerit,
354 1040 571 1125 appellatione
594 1045 786 1126 postposita,
810 1046 959 1112 iudicetis
980 1055 1013 1113 et
1035 1049 1163 1114 faciatis
1191 1050 1278 1133 quod
1301 1050 1355 1114 de·

90 1146 240 1209 creveritis
264 1167 323 1229 per
348 1168 519 1213 censuram
538 1149 775 1216 ecclesiaticam
794 1153 1026 1220 inviolabiliter
1045 1156 1220 1222 observari.
1260 1154 1355 1238 Quod

89 1250 110 1314 si
129 1273 236 1316 omnes
261 1252 323 1316 hiis
348 1254 545 1337 exequendis
564 1257 774 1339 nequiveritis
798 1261 965 1342 interesse,
990 1263 1053 1328 duo
1076 1269 1221 1328 vestrum
1245 1284 1283 1327 ea
1305 1263 1354 1326 ni-

89 1356 267 1423 chilominus
291 1367 503 1444 exequantur.
551 1362 675 1427 Datum
693 1363 850 1430 Laterani
867 1366 939 1432 ΠΠ
962 1367 1011 1433 ld.
1031 1369 1122 1452 Maii,
1145 1370 1354 1454 pontificatus

87 1466 174 1528 nostri
197 1487 285 1532 anno
310 1467 460 1534 secundo.

607 1600 820 1608 ——-——----—-

87 1745 163 1813 402.
190 1751 372 1810 Coeranum
395 1749 446 1808 ΙΙΙ
463 1749 613 1808 octonas
637 1750 824 1808 ecclesiasten
837 1751 981 1825 praelatis
999 1751 1131 1822 mandat,
1154 1757 1188 1810 at
1204 1752 1354 1827 popttlmn

180 1857 366 1932 indulgentie
383 1857 539 1932 proposita
562 1857 600 1915 ad
621 1857 750 1915 collectas
773 1857 808 1915 ta
825 1876 918 1915 aaron
939 1858 1173 1932 Templare'oram
1196 1858 1353 1916 111111111-

181 1964 237 2022 dus
261 1963 459 2036 adhortentur,
482 1969 530 2022 oet.

353 2064 527 2136 Autograph.
546 2064 577 2118 in
594 2063 682 2120 tabul.
701 2069 758 2118 nat.
777 2063 863 2119 Paria.
882 2065 914 2119 L.
935 2066 986 2120 235
1006 2083 1032 2119 n.
1052 2065 1077 2120 8.

160 2223 343 2290 Celestinus
367 2225 537 2308 episcopus
562 2247 672 2291 servus
697 2245 862 2292 servorum
885 2225 949 2290 Dei
975 2226 1214 2290 venerabilibus
1243 2225 1456 2293 fratri-1192

87 2326 134 2392 bus
156 2331 424 2415 archiepiscopiS,
459 2334 618 2416 episcopis
651 2339 684 2398 et
716 2333 842 2398 dilectis
875 2332 950 2396 filiis
975 2333 1164 2414 abbatibuS,
1189 2330 1351 2415 prioribus
1369 2325 1426 2382 Iul.
1443 2325 1471 2382 6·

88 2443 112 2498 11
131 2437 198 2502 aliis
224 2438 435 2503 ecclesiarum
458 2439 609 2521 prelatis,
634 2439 676 2504 ad
701 2461 782 2523 quos
804 2440 913 2504 httere
937 2440 999 2504 iste
1021 2440 1240 2522 pervenerint,
1266 2438 1351 2503 salu·

87 2547 138 2604 tem
160 2550 199 2608 et'
219 2545 433 2628 apostolicam
463 2545 729 2612 benedictionem.
775 2545 849 2611 Non
881 2545 1005 2628 absque
1038 2545 1148 2612 dolore
1182 2545 1287 2610 cordis
1320 2550 1353 2610 et

87 2647 210 2727 plurima
232 2651 421 2716 turbatione
444 2651 625 2735 didicimus,
650 2654 737 2736 quod
764 2654 812 2717 ita
835 2654 869 2717 in
891 2653 1055 2736 plerisque
1078 2651 1227 2735 partibus
1252 2652 1351 2717 eccle-

88 2754 204 2822 siastica
226 2779 364 2822 censura
388 2757 535 2824 dissolvit
563 2766 596 2824 et
623 2760 777 2825 canonice
807 2761 965 2824 sententie
990 2760 1145 2824 severitas
1170 2765 1351 2842 enervatur,

87 2866 114 2922 11
136 2863 194 2926 viri
225 2864 371 2947 religiosi
387 2863 436 2930 'et
468 2865 514 2929 hii
546 2864 700 2949 maxime,
734 2868 791 2949 qui
813 2887 872 2949 per
901 2866 986 2930 sedis
1015 2865 1191 2948 apostolice
1223 2866 1351 2948 privile·

87 2966 128 3046 gia
148 2971 263 3035 maiori
286 2971 397 3037 donati
422 2979 498 3036 sunt
527 2973 694 3054 libertate,
727 2973 850 3056 passim
878 2994 898 3037 a
920 2972 1185 3036 malefactoribus
1214 2972 1351 3035 1111111-

87 3074 187 3142 irniam
211 3079 396 3143 sustineant
419 3085 452 3142 et
474 3100 658 3162 gravamen,
684 3079 760 3143 dum
782 3081 836 3143 vix
854 3080 1026 3160 invenitur,
1051 3080 1106 3161 qui
1126 3100 1268 3161 congrua
1286 3078 1351 3142 illis

87 3186 272 3261 protectione
296 3183 467 3249 subveniat
497 3191 530 3249 et
556 3207 615 3269 pro
644 3185 781 3250 fovenda
809 3207 989 3270 pauperum
1015 3186 1202 3251 innocentia
1224 3204 1352 3248 murum

88 3286 267 3356 defensionis
292 3297 443 3375 opponat.
491 3291 572 3357 Cum
600 3299 708 3357 autem
736 3294 846 3358 dilecti
874 3293 933 3357 filii
960 3293 1065 3358 nostri
1091 3291 1209 3357 fratres
1237 3291 1352 3356 militie

88 3390 197 3480 Templi
216 3419 321 3481 nuper
338 3398 547 3482 permittente
561 3398 701 3465 Domino
716 3398 758 3463 ab
772 3399 911 3464 inimicis
927 3398 1103 3463 Christiani
1121 3398 1259 3463 nominis
1278 3419 1350 3480 gra-

88 3500 155 3566 viter
177 3505 243 3568 sint
266 3507 413 3589 oppressi
431 3511 465 3569 et
486 3505 701 3588 vehementer,
722 3507 807 3570 sicut
828 3527 884 3570 vos
903 3526 999 3597 nosse
1019 3505 1190 3586 credimus
1210 3504 1352 3569 barbara

88 3610 187 3675 sevitia
210 3633 412 3695 paganorum
444 3612 517 3677 illos
549 3613 583 3676 in
613 3614 759 3696 personis
793 3618 825 3677 11
851 3611 949 3677 rebus
978 3611 1165 3676 exhauserit
1193 3617 1226 3675 et
1253 3611 1351 3675 etiam
1453 3640 1455 3643 ’

88 3733 135 3792 pro
155 3723 242 3782 terra
265 3724 379 3782 sancta
402 3719 442 3783 de
465 3719 595 3784 illorum
618 3719 775 3802 spurcitia
793 3718 963 3783 liberanda
987 3723 1134 3803 sumptus
1157 3718 1352 3802 pertulerint

89 3825 114 3881 11
131 3823 255 3890 labores
280 3831 312 3890 et
334 3848 392 3909 pro
416 3826 487 3908 ipso
514 3825 647 3890 humani
674 3826 801 3909 generis
826 3826 987 3890 salvatore
1017 3826 1141 3890 animas
1168 3844 1289 3907 ponere
1312 3844 1351 3887 ac

89 3945 135 4004 pro
156 3928 310 3995 fratribus
335 3937 479 3996 extrema
503 3931 612 3996 subire
635 3933 780 4015 pericula
794 3954 859 3997 non
874 3931 1058 4012 formident,
1083 3931 1124 3996 ad
1147 3929 1350 3995 benefacien-

90 4029 153 4098 dum
173 4037 252 4120 ipsis
276 4039 375 4103 etiam
399 4039 467 4102 sine
491 4038 719 4104 sollicitatione
742 4045 855 4104 nostra
878 4039 994 4104 merito
1017 4038 1157 4122 possetis
1185 4037 1296 4101 induci
1319 4041 1351 4101 et

91 4137 199 4208 adhoc
225 4151 349 4210 vestros
378 4144 525 4210 subditos
557 4147 749 4230 propensius
777 4146 924 4210 invitare.
972 4143 1052 4209 Oum
1076 4150 1185 4210 autem
1212 4143 1350 4226 predicti

91 4241 200 4332 fratres,
225 4253 309 4317 sicut
326 4252 572 4316 universitatem
590 4258 732 4317 vestram
750 4251 853 4318 latere
867 4269 933 4318 non
951 4251 1121 4330 oredimus,
1141 4249 1350 4314 laudabiliter

92 4355 117 4411 et
143 4358 267 4423 assidue
299 4380 358 4442 pro
382 4358 564 4423 *salvatoris
596 4359 715 4423 iniuria
747 4359 942 4423 vindicanda
975 4357 1141 4448 decertent
1168 4363 1200 4421 et
1226 4357 1280 4421 vix
1308 4355 1349 4418 ad

92 4459 167 4524 tonte
191 4464 303 4530 militie
326 4465 598 4530 sustentationem
621 4472 796 4549 proventus
821 4487 932 4531 eorum
956 4463 1104 4530 sufficere
1127 4463 1348 4545 dinoscantur,

93 4580 140 4640 pro
159 4572 246 4636 tanto
275 4571 524 4636 christianitatis
553 4572 721 4638 commodo
749 4594 814 4637 non
844 4572 950 4638 solum
977 4569 1145 4636 mobilium
1169 4570 1350 4636 sedetiam
