3284 5184
290 291 355 356 212
727 303 817 358 Lucu
835 317 872 356 111
891 315 1058 356 1111111111
1077 303 1129 357 352

166 465 250 524 1182
291 466 396 549 scopis
429 465 567 528 salutem
601 469 633 527 et
665 463 876 546 apostolicam
913 462 1181 526 benedictionem.
1238 460 1394 544 Quotiens
1427 465 1583 547 peccatis

153 555 227 614 N0V·
241 554 269 612 7·
291 571 493 654 exigentibus
526 571 710 652 iniquorum
742 569 908 634 hominum
944 569 1118 633 insolentia
1153 569 1188 630 in
1219 572 1347 633 tantum
1379 572 1582 653 praesumit,

291 677 378 760 quod
400 677 472 743 loca
496 676 602 741 divino
627 677 729 741 cultui
752 674 908 758 deputata
932 675 1098 739 destruere
1121 674 1171 739 vel
1195 675 1344 740 incendio
1364 698 1581 742 concremare

289 786 421 849 minime
444 783 656 867 pertimescit,
691 780 903 846 sacerdotalis
932 782 1110 846 auctoritas
1135 780 1232 845 debet
1259 780 1373 846 adesse
1398 786 1486 847 etin
1517 806 1581 849 eos

291 898 340 957 est
362 892 453 973 vigor
477 911 636 954 canonum
669 887 881 968 exercendae,
914 893 950 952 ut
974 887 1159 952 damnanda
1182 890 1350 952 temeritas
1373 891 1582 973 reprimatur

291 1004 324 1063 et
346 997 555 1061 ecclesiarum
589 1001 693 1060 status
726 994 834 1058 valeat
860 995 1053 1058 conservari.
1100 994 1154 1058 Ad
1182 995 1382 1059 audientiam
1410 998 1581 1078 siquidem

291 1103 493 1187 apostolatus
516 1103 619 1168 nostri
644 1100 781 1164 dilectus
804 1099 890 1164 filius
913 1106 1024 1164 noster
1048 1100 1150 1165 abbas
1168 1101 1349 1166 Bolbcniae
1373 1103 1495 1167 ordinis
1523 1103 1580 1168 Ci-

291 1211 474 1274 sterciensis
511 1208 746 1273 lacrimabilem
784 1212 817 1270 et
852 1205 1071 1271 miserandam
1109 1209 1345 1290 querimoniam
1385 1208 1580 1292 destinavit,

291 1317 377 1398 quod
399 1315 545 1381 homines
569 1314 609 1378 de
633 1295 778 1378 Maiorca
801 1315 835 1376 in
853 1333 952 1394 regno
972 1318 1005 1377 et
1031 1319 1194 1396 potestate
1214 1315 1373 1378 carissimi
1386 1316 1422 1379 in
1440 1315 1578 1382 Christo

290 1422 348 1486 filii
371 1423 475 1489 nostri
497 1421 633 1485 illustris
662 1421 748 1502 regis
771 1420 971 1503 Hispaniael
998 1421 1211 1484 consistentes
1235 1420 1402 1486 abbatiam
1426 1421 1458 1486 S.
1482 1417 1578 1487 Lauss

290 1530 396 1610 rentii,
421 1530 454 1592 in
479 1550 543 1611 qna
566 1526 726 1610 praedicti
749 1525 870 1591 ordinis
894 1546 992 1607 quam
1015 1526 1124 1609 plures
1143 1548 1310 1609 personae,
1335 1529 1485 1593 monachi
1512 1531 1577 1594 sci-

290 1636 366 1699 licet
390 1640 423 1698 et
445 1620 630 1716 conventus,
656 1634 683 1697 si
707 1654 801 1696 sunm
815 1632 955 1697 Domino
980 1631 1093 1697 devote
1117 1633 1293 1697 studebant
1310 1635 1429 1716 iugiter
1447 1637 1577 1719 impen-

291 1742 367 1807 dere
399 1740 606 1822 famulatum‚
639 1741 796 1804 instinctu
828 1737 987 1803 diabolico
1020 1761 1079 1820 pro
1112 1760 1190 1803 suae
1222 1740 1400 1805 voluntatis
1433 1741 1576 1806 arbitrio

292 1848 458 1914 destruere
491 1850 787 1930 praesumpserunt.
844 1843 1002 1926 Tempore
1034 1866 1188 1927 namque,
1227 1867 1291 1927 quo
1329 1849 1576 1912 sacratissimae

291 1955 450 2038 passionis
474 1954 596 2018 domini
619 1954 722 2017 nostri
745 1952 844 2016 Ihesu
867 1950 987 2015 Christi
1005 1952 1161 2016 memoria
1185 1952 1382 2034 celebratur,
1411 1955 1575 2036 praedicti

290 2059 517 2125 malefactores
542 2066 695 2124 exeuntes
724 2059 763 2124 de
791 2058 869 2122 villa
897 2059 1045 2140 superius
1073 2064 1253 2123 memorata
1280 2081 1378 2123 unam
1401 2062 1576 2142 grangiam

290 2169 356 2232 iam
369 2167 448 2231 dicti
461 2167 650 2231 monasterii
669 2165 924 2244 combusserunt,
944 2165 1105 2247 pessimae
1123 2164 1279 2246 malitiae,
1299 2186 1397 2247 quam
1417 2187 1575 2250 concepe-

252 2343 254 2348 ,
291 2279 392 2354 111118,
417 2273 545 2348 initium
568 2270 776 2354 dampnabile
798 2270 992 2350 tribuentes;
1018 2293 1091 2335 cum
1109 2293 1184 2336 vero
1203 2272 1362 2354 praedicti
1380 2275 1575 2338 monasterii

291 2379 441 2444 monachi
459 2378 626 2443 audissent
640 2379 808 2460 grangiam
825 2377 1007 2460 praefatam
1027 2399 1097 2442 esse
1117 2377 1328 2461 combustam,
1352 2379 1386 2443 in
1406 2380 1494 2444 omni
1514 2380 1574 2444 hu-

291 2486 429 2549 militate
453 2485 654 2550 orationibus
678 2485 875 2564 insistentes,
900 2485 1001 2549 sacris
1026 2485 1124 2548 etiam
1150 2485 1293 2549 vestibus
1313 2485 1418 2549 induti
1442 2485 1575 2551 obviam

291 2593 356 2656 iam
380 2591 476 2656 dictis
499 2590 764 2655 malefactoribus
787 2596 1036 2674 processerunt,
1050 2591 1105 2672 qui
1129 2590 1170 2655 ad
1194 2591 1401 2656 evertendam
1424 2591 1574 2656 f'unditus

292 2697 459 2761 abbatiam
483 2697 657 2761 crudeliter
675 2696 884 2761 festinabant.
922 2696 1045 2761 Verum
1068 2698 1133 2761 iam
1158 2696 1236 2761 dicti
1259 2697 1487 2764 malefactores
1511 2721 1575 2764 nec

292 2803 475 2868 dominumb
498 2824 558 2867 nec
580 2803 742 2869 hominem
765 2809 948 2868 reverentes
977 2825 1049 2868 cum
1080 2803 1121 2867 ad
1150 2805 1383 2868 monasterium
1406 2807 1573 2887 pervenis-

243 2900 248 2906 ’
292 2916 377 2991 sent,
410 2916 578 2990 tamquam
610 2909 777 2974 furibundi
809 2910 978 2975 ecclesiam
1006 2911 1210 2973 intraverunt
1237 2916 1269 2975 et
1296 2931 1399 2992 usque
1428 2910 1512 2975 adeo
1538 2933 1573 2974 se

291 3016 510 3081 inhumaniter
532 3016 726 3098 habuerunt,
751 3016 837 3098 quod
857 3022 981 3080 certum
1000 3021 1059 3096 est,
1084 3036 1139 3080 eos
1159 3018 1366 3081 atrocitatem
1388 3015 1573 3080 infidelium

293 3124 461 3188 excesisse.
501 3120 678 3204 (1111111111ο
700 3124 799 3205 igitur
821 3123 978 3187 laicorum
1001 3123 1179 3203 temeritas,
1204 3123 1340 3204 quaein
1359 3123 1445 3188 bona
1468 3124 1573 3188 eccle·

293 3231 414 3294 siarum
446 3237 514 3294 tam
546 3231 756 3312 pertinaciter
779 3229 989 3309 debachatur,
1021 3238 1158 3294 censura
1185 3235 1235 3293 est
1262 3229 1484 3294 ecclesiastica
1512 3253 1573 3313 pu-

291 3336 420 3418 nienda,
444 3335 641 3400 fraternitati
665 3342 792 3400 vestrae
810 3356 869 3419 per
892 3335 1071 3417 apostolica
1089 3335 1212 3417 scripta
1230 3336 1459 3419 praecipiendo
1478 3359 1572 3400 man·

292 3441 405 3505 damus
430 3447 462 3505 et
485 3442 631 3506 districte
655 3443 881 3525 praecipimus,
906 3444 1068 3523 quatinus,
1093 3443 1120 3504 si
1143 3462 1195 3505 res
1219 3443 1265 3505 ita
1289 3463 1324 3506 se
1347 3442 1456 3525 habet,
1482 3444 1573 3508 omni

291 3549 396 3630 gratia
420 3555 452 3612 et
477 3549 594 3613 timore
617 3551 797 3631 postposito
821 3549 984 3632 praefatos
1007 3546 1233 3613 malefactores
1257 3549 1297 3613 de
1319 3554 1389 3613 tam
1416 3549 1572 3631 gravibus

292 3660 325 3718 et
346 3655 466 3735 iniquis
491 3655 675 3719 excessibus
695 3655 764 3718 Deo
789 3655 927 3736 primum
951 3660 984 3718 et
1007 3653 1120 3718 abbati
1144 3660 1177 3719 et
1198 3655 1365 3720 monachis
1389 3655 1573 3738 supradicti

291 3762 479 3824 monasterii
498 3761 753 3826 satisfactionem
772 3780 947 3842 congruam
964 3760 1115 3824 exhibere
1139 3767 1171 3825 et
1195 3761 1254 3826 ded
1277 3767 1385 3828 cetero
1405 3762 1446 3826 ab
1465 3751 1573 3844 ipsids

290 3867 354 3931 loci
375 3867 601 3932 molestatione
634 3867 790 3932 desistere
821 3866 1006 3948 diligentius
1033 3867 1192 3930 moneatis
1217 3873 1250 3932 et
1272 3867 1449 3934 studiosius
1477 3868 1572 3932 indu-

292 3974 383 4054 catis,
408 3974 553 4056 alioquin
577 3995 631 4040 eos
656 3975 811 4038 canonica
839 3974 1011 4037 severitate
1038 3973 1214 4055 percellere
1237 3975 1367 4038 minime
1391 3974 1571 4054 desistatis,

291 4101 350 4143 nec
374 4082 568 4145 sententiam
587 4083 659 4162 nisi,
681 4101 820 4162 congrue
840 4078 1065 4160 satisfecerint,
1084 4080 1248 4144 relaxetis.
1281 4080 1405 4145 Datum
1414 4079 1572 4144 171111111Θ

292 4187 429 4268 septimo
453 4187 531 4251 Idus
554 4187 755 4252 Novembris
965 4192 967 4198 '

382 4443 450 4488 “Sr'c
472 4443 552 4489 scribit
573 4443 683 4488 Bresalaa
707 4457 753 4501 pro
779 4439 934 4487 combustam
963 4438 1086 4501 pessimae
1109 4438 1233 4499 malitiae,
1256 4453 1306 4500 quo
1330 4441 1487 4500 conceperat,
1516 4441 1570 4486 cod.

292 4525 374 4578 beorl.
394 4529 497 4576 domum
516 4547 567 4577 cam
585 4539 718 4577 correctura
789 4529 899 4586 ”Quam
919 4546 938 4578 c.
1013 4522 1074 4576 ‘lde
1093 4530 1154 4576 deest
1171 4531 1196 4576 in
1214 4530 1266 4578 cccl.
1340 4527 1501 4576 θ1111111111.

384 4632 391 4660 ¹
411 4630 550 4700 Alphonsi
569 4631 654 4685 VIII.
