3284 5184
466 307 657 361 Araxum
674 319 711 360 111
730 319 899 362 nrrsronnn
918 307 968 362 321
1295 294 1356 355 189

78 467 191 532 rabilis
215 466 327 531 fratris
345 466 449 532 nostri
467 465 669 551 B(erneredi)
687 466 871 532 Prenestini
891 468 1044 551 episcopi,
1067 467 1134 560 iam
1156 465 1282 549 pridem
1304 487 1356 533 ve·
1377 467 1511 530 1180in

77 573 217 639 nerabili
250 572 343 638 fratri
376 577 504 654 nostro,
538 571 682 658 Stimoni)
711 575 863 657 episcopo
891 579 999 640 vestro
1031 575 1154 656 scripta
1181 572 1356 638 direximus

78 679 259 761 credentes,
274 700 346 744 eum
361 679 403 744 ad
421 678 612 744 mandatum
632 680 846 761 apostolicum
858 679 1014 744 celeriter
1031 679 1250 763 impleturum,
1271 680 1357 762 quod

7 847 8 854 ,
77 786 262 852 tacentibus
295 785 387 852 nobis
420 806 478 869 per
510 806 545 850 se
572 786 680 868 ipsum
707 785 834 851 efficere
861 787 1043 852 tenebatur.
1089 786 1170 850 Eius
1198 791 1249 850 est
1271 787 1357 850 enim

7 869 8 918 l
77 892 244 976 predictus
267 891 437 977 Her(veus)
456 893 709 957 conversationis
733 897 767 957 et
789 894 934 975 scientie,
958 894 1042 958 sicut
1063 914 1120 958 vos
1143 893 1207 975 ipsi
1229 893 1372 976 plenius.

77 1001 196 1081 nostis,
226 999 312 1082 quod
339 999 455 1064 maiori
484 999 582 1062 etiam
609 997 766 1064 beneficio
794 999 910 1082 dignus
934 1005 1029 1064 esset.
1077 998 1227 1065 Ceterum
1250 998 1356 1082 prefa-

76 1112 127 1170 tus
153 1106 326 1189 episcopus
349 1104 539 1168 mandatum
561 1111 708 1170 nostrum
732 1111 961 1188 contempnens
989 1111 1023 1170 et
1050 1105 1152 1188 ipsius
1180 1107 1355 1170 necessita-

76 1219 140 1277 tem
164 1219 201 1277 et
223 1211 419 1295 probitatem
447 1211 670 1292 dissimulans,
702 1218 740 1276 ut
767 1217 955 1295 preceptum
982 1218 1129 1277 nostrum
1157 1211 1355 1277 commodius

75 1324 202 1401 posset,
238 1317 323 1400 quod
345 1339 410 1383 non
433 1317 522 1398 licet,
556 1317 701 1400 eludere,
735 1319 816 1382 alios
844 1319 874 1382 ei
897 1339 1089 1402 preponere,
1122 1339 1219 1401 quem
1251 1319 1356 1384 solum

76 1425 281 1507 precepimus
304 1425 337 1488 in
360 1423 521 1488 Meldensi
544 1423 682 1488 ecclesia
704 1424 873 1506 integrari,
898 1430 931 1488 et
953 1425 987 1488 in
1010 1445 1127 1508 penam
1149 1425 1276 1490 litteras
1299 1447 1355 1491 no-

7 1519 8 1552 ³
77 1537 178 1612 strae,
214 1551 296 1613 quas
328 1529 369 1594 ad
399 1530 603 1595 commodum
625 1530 832 1613 indulsimus,
858 1537 1059 1613 retorquere,
1092 1537 1261 1596 vacantem
1283 1553 1355 1615 pre·

76 1637 218 1701 bendam
242 1635 408 1700 dimidiam
433 1634 615 1700 Constantii
639 1639 835 1702 succentoris
860 1637 988 1701 cuidam
1011 1659 1122 1722 puero,
1146 1635 1214 1703 filio
1236 1638 1354 1703 nobilis

6 1783 7 1820 ,
76 1744 133 1808 viri
159 1743 200 1808 G.
228 1742 266 1807 de
285 1741 480 1824 Cheureuse,
506 1744 562 1825 qui
586 1719 666 1806 dlibi
688 1742 809 1808 habere
833 1744 971 1808 maiores
990 1743 1136 1809 redditus
1155 1744 1354 1828 perhibetur,

76 1856 189 1914 contra
220 1848 470 1933 prohibitionem
497 1853 643 1912 nostram
667 1849 802 1932 dicitur,
831 1850 918 1915 unde
946 1851 1102 1914 miramur
1130 1857 1163 1916 et
1189 1871 1355 1916 movemur

75 1957 265 2038 plurimum,
299 1955 506 2020 concessisse.
554 1953 639 2036 Quia
661 1955 761 2037 igitur
787 1957 1003 2021 verecundum
1032 1956 1125 2021 nobis
1153 1963 1222 2022 est·
1245 1957 1353 2024 admo·

76 2063 149 2127 dum
174 2069 210 2127 et
232 2061 414 2143 molestum,
438 2065 476 2124 ut
498 2059 643 2143 prefatus
662 2060 842 2149 H(erveus),
867 2084 962 2145 quem
980 2064 1142 2144 integrum
1160 2063 1354 2128 beneficium

75 2169 195 2234 habere
220 2167 378 2249 volumus,
401 2166 528 2230 tardius
551 2169 740 2250 integretur,
765 2169 890 2252 prelato
910 2170 1061 2252 episcopo
1081 2169 1228 2234 districte
1252 2172 1353 2254 preci-

75 2275 196 2356 pimus,
231 2279 282 2355 ut,
316 2295 380 2339 non
412 2273 562 2338 obstante
591 2276 798 2340 concessione
827 2275 914 2340 lacta
936 2275 1081 2358 predicto
1104 2295 1219 2358 puero,
1249 2276 1354 2341 eidem

76 2380 227 2465 H(erve0)
268 2381 482 2463 prescriptam
523 2381 692 2445 dimidiam
725 2381 870 2447 conferat
906 2382 1093 2465 quantotius
1131 2387 1164 2445 et
1200 2383 1353 2465 assignet.

75 2486 265 2552 Venerabili
289 2507 417 2568 quoque
440 2485 533 2551 fratri
556 2493 668 2553 nostro
699 2489 851 2572 episcopo
874 2487 1046 2552 Trecensi1
1077 2487 1285 2569 mandamus,
1318 2495 1355 2551 ut

76 2595 101 2656 si
123 2593 274 2678 prefatus
297 2593 473 2658 Meldensis
500 2595 677 2676 requisitus
704 2595 895 2659 mandatum
919 2594 1133 2678 apostolicum
1161 2595 1277 2677 exequi
1304 2615 1353 2658 re-

77 2701 249 2782 cusaverit,
272 2702 379 2784 ipsum
401 2700 522 2764 nullius
546 2701 763 2783 appellatione
783 2702 933 2767 obstante
959 2703 1153 2767 auctoritate
1175 2701 1354 2784 apostolica

77 2805 175 2871 fretus
202 2828 266 2870 non
289 2805 418 2870 differat
440 2806 568 2870 effectui
591 2808 787 2889 mancipare.
835 2806 994 2889 Quocirca
1021 2809 1225 2874 universitati
1248 2813 1354 2871 vestre

77 2933 131 2994 per
154 2912 337 2996 apostolica
359 2914 481 2996 scripta
503 2914 695 2978 mandamus
725 2920 824 2996 atque
847 2913 1053 2997 precipimus
1079 2915 1242 2996 quatinus,
1267 2913 1353 2996 quod

77 3019 160 3084 idem
184 3019 355 3083 Trecensis
384 3021 578 3085 auctoritate
605 3026 718 3084 nostra
745 3019 873 3100 fecerit,
903 3019 1040 3084 firmiter
1066 3019 1254 3085 observetis.
1300 3019 1353 3083 Ad

77 3124 131 3190 hee
155 3126 352 3190 auctoritate
376 3126 555 3209 apostolica
577 3125 770 3208 inhibemus,
794 3148 845 3208 ne,
870 3132 1047 3209 antequam
1070 3125 1188 3211 prefati
1211 3126 1353 3211 H(ervei)

79 3230 270 3296 beneficium
301 3233 491 3315 integretur,
525 3232 709 3314 aliquarum
740 3233 924 3297 litterarum
947 3232 1095 3314 obtentu,
1129 3233 1156 3296 si
1180 3253 1243 3314 que
1267 3232 1352 3312 etcl‘,

80 3357 275 3420 quemquam
297 3339 464 3421 recipiatis
487 3339 521 3402 in
544 3336 678 3402 fratrem
702 3338 752 3402 vel
771 3339 927 3420 integrari
955 3339 1110 3421 aliquem,
1140 3345 1297 3422 quantum
1320 3339 1354 3402 in

79 3443 167 3508 vobis
193 3449 253 3524 est,
277 3444 439 3509 ullatenus
458 3444 666 3530 permittatis.
704 3443 778 3508 Tibi
801 3451 920 3526 autem,
944 3443 990 3508 fili
1014 3444 1144 3527 decane,
1170 3443 1354 3527 specialiter

80 3549 311 3633 interdicimuS,
334 3571 375 3616 ne
399 3557 474 3615 ante
497 3551 712 3634 prescriptam
731 3552 979 3633 integrationem
999 3571 1194 3633 quemquam
1213 3551 1252 3614 de
1271 3551 1352 3615 inte·

81 3675 134 3736 gra
157 3656 210 3720 vel
233 3657 367 3721 dimidia
401 3661 539 3738 temptes
572 3678 630 3740 per
657 3664 691 3722 te
718 3657 769 3722 vel
795 3657 895 3721 alium
923 3657 1163 3740 quomodolibet
1189 3659 1352 3721 investire.

82 3761 233 3845 Alioquin
258 3765 285 3826 si
314 3763 392 3846 quid
408 3768 533 3827 'contra
555 3763 639 3827 hanc
666 3763 917 3846 prohibitionem
939 3769 1084 3829 nostram
1112 3763 1208 3828 luerit
1231 3785 1251 3827 a
1275 3785 1352 3846 quo-

83 3889 177 3949 quam
199 3877 432 3962 presumptum,
457 3871 651 3934 auctoritate
676 3870 855 3952 apostoliea
878 3869 1080 3935 decernimus
1104 3891 1167 3934 non
1189 3870 1307 3934 valere.

166 4162 179 4187 ⁸
196 4160 226 4204 In
243 4159 295 4207 rod.
315 4160 349 4205 eie
366 4168 414 4206 eet:
439 4158 506 4215 Quia
524 4156 603 4220 igitur
613 4111 744 4206 vobstinere
762 4157 789 4205 in
808 4157 931 4220 patientia
948 4173 997 4205 non
1017 4157 1144 4218 debemus,
1163 4161 1192 4206 nt
1210 4157 1242 4206 ab
1260 4157 1352 4220 episco-

84 4243 125 4304 pis,
144 4244 189 4307 qui
207 4249 325 4294 tenentur
343 4246 405 4295 alios
424 4247 456 4294 ed
475 4246 661 4296 observantium
680 4246 835 4296 decretorum
859 4249 1000 4295 nostrorum
1017 4246 1148 4308 inducere,
1172 4249 1266 4294 statuta
1288 4247 1353 4296 sedis

84 4387 212 4446 apostolice
237 4333 375 4448 violentdht,
403 4388 573 4437 verecundum
601 4387 673 4436 nobis
698 4391 747 4446 est;
775 4405 851 4436 vocem
872 4393 955 4438 va-oat
982 4390 1061 4436 eodem
1083 4405 1164 4436 moue
1181 4391 1349 4450 superscripsit.

85 4467 95 4499 ¹¹
114 4476 149 4536 CJ.
167 4493 240 4537 cupra
257 4493 292 4538 ep.
311 4475 371 4526 319.

169 4631 178 4661 ¹
195 4630 347 4687 Matthaeo.
