3296 5178
299 296 340 360 26
666 309 822 364 Ionsnms
840 321 899 363 vm
916 320 1084 362 urrsroasn
1101 307 1144 361 47.
1172 306 1207 360 48

299 473 359 542 47.
391 477 537 536 Iohannes
555 475 630 535 VIII
651 476 790 536 Corolwm
810 493 906 550 repam
927 479 1034 547 monet,
1057 479 1100 546 at,
1120 474 1169 532 cac'
1187 473 1329 546 debeatur,
1349 472 1499 532 [arderico
1527 471 1590 530 tea

380 583 512 660 pectore
533 602 656 658 amaena
679 581 817 642 Lotlmra'a'
837 581 937 640 reddat
954 580 1133 656 monitisque
1156 581 1182 639 b.
1200 598 1240 637 m.
1259 579 1410 638 Hadriani
1432 579 1465 638 II
1482 598 1589 655 papae

387 690 504 750 laadan
522 690 641 748 obediat.
682 689 763 758 Quae
787 694 948 748 antecessor
977 706 1052 746 suas
1074 686 1225 763 inceperit,
1257 705 1292 745 ec
1310 687 1378 746 totis
1404 686 1523 746 ancus
1549 686 1590 744 ac

386 799 479 874 finem
495 797 650 873 perducere
671 796 731 856 sibi
751 802 879 854 amntem
902 813 971 868 esse,
995 794 1118 854 scribit.1
1138 817 1139 820 ¹

386 915 456 971 Ooll.
475 916 543 971 Brit.
563 915 623 971 Ioh.
642 933 685 986 ep.
704 917 730 984 6,
747 915 777 969 in
796 914 856 970 cod.
874 915 948 968 Mus.
967 913 1036 968 Brit.
1049 912 1204 968 1111118873
1223 927 1304 968 exn
1321 913 1359 967 in.
1374 912 1507 968 1011211.

386 1041 508 1107 Karolo
531 1042 627 1125 regi.²
657 1040 799 1105 ‘Avidius
817 1046 851 1104 et
869 1039 1035 1104 ardentius
1056 1039 1161 1120 solito,
1186 1061 1248 1121 que
1266 1044 1325 1102 tua
1348 1060 1413 1103 non
1436 1038 1585 1118 fuerant,

298 1149 484 1231 surripuisti
508 1153 540 1212 et
562 1148 690 1212 tibimet
712 1146 877 1211 inflectere
900 1146 1044 1228 voluisti,
1068 1145 1149 1210 adeo
1173 1152 1210 1209 ut
1232 1167 1367 1228 regnum
1394 1145 1447 1229 pie
1471 1166 1585 1210 recor-

298 1254 438 1320 dationis
461 1254 630 1320 Lotharii3
653 1254 816 1336 qnondam
840 1253 1101 1318 christianissimi
1123 1253 1294 1337 principis,
1326 1253 1413 1336 quod
1437 1252 1585 1316 dilectis-

298 1362 379 1428 simo
388 1362 456 1427 filio
470 1367 581 1427 nostro
596 1362 742 1445 piissimo
756 1360 945 1445 imperatori
960 1359 1147 1425 Ludovico4
1161 1381 1201 1424 ex
1214 1365 1350 1444 paterno
1364 1361 1415 1424 vel
1434 1359 1585 1424 fraterno

296 1471 367 1534 iure
390 1469 557 1550 debeatur,
581 1469 738 1533 hactenus
766 1474 878 1532 teneas
906 1472 948 1549 et,
973 1467 1067 1550 quasi
1091 1468 1195 1532 tocius
1219 1468 1457 1550 consuanginee
1482 1465 1584 1530 affec-

297 1577 394 1641 tionis
418 1576 549 1658 oblitus,
573 1577 624 1640 ius
648 1597 742 1640 omne
766 1575 830 1639 sibi
854 1580 1028 1658 conpetens
1052 1597 1117 1640 non
1140 1575 1210 1639 iure
1233 1573 1401 1658 possideas
1422 1623 1582 1639 ......

298 1685 410 1765 quasi“
433 1683 473 1748 de
496 1704 531 1747 re
554 1684 738 1750 necessaria
759 1731 911 1747 ......
956 1679 1033 1763 Noe,
1059 1681 1115 1762 qui
1139 1682 1228 1745 eius⁵
1257 1681 1498 1762 sollicitudinis,
1536 1680 1584 1744 di·

296 1790 371 1854 vina
394 1789 606 1872 providentia,
632 1790 716 1852 sicut
739 1788 825 1853 sedis
849 1787 928 1852 facti
947 1810 1058 1852 sumus
1077 1787 1223 1871 heredes,
1247 1793 1280 1852 te
1300 1787 1486 1853 salubribus
1509 1809 1582 1852 mo-

295 1895 437 1960 nendum
461 1894 614 1961 affatibus
635 1895 791 1978 ducimus,
817 1900 849 1959 et
868 1916 887 1958 a
905 1900 999 1958 tanta
1017 1895 1183 1959 iniusticia
1202 1895 1460 1978 conpescendam
1480 1916 1582 1978 opere

296 2004 441 2087 precium
473 2003 679 2068 arbitramur.
735 2002 900 2067 Debemus
934 2001 1073 2085 quippeb
1100 2003 1134 2066 in
1162 2002 1274 2067 labore
1303 2001 1491 2083 succedere,
1528 2002 1582 2065 cui

296 2109 451 2195 profecto,
475 2110 552 2174 licet
574 2110 699 2174 meritis
722 2111 874 2192 impares,
899 2110 1112 2173 successimus
1130 2111 1164 2174 in
1180 2108 1326 2174 honore.⁰
1362 2107 1476 2191 Neque
1491 2109 1581 2172 enim

296 2218 386 2301 pium
410 2217 553 2284 studium
576 2218 645 2283 eius
674 2217 823 2282 convenit
849 2217 884 2280 in
907 2215 1000 2281 nobis
1025 2215 1177 2299 deficere,
1207 2217 1263 2298 qui
1290 2215 1415 2280 scilicet
1437 2238 1496 2299 pro
1521 2238 1580 2298 pa-

295 2324 401 2390 tribus
416 2326 486 2388 nati
500 2322 578 2387 filiis
596 2324 815 2407 principatum
833 2322 989 2388 aecclesie
1000 2345 1100 2387 unum
1115 2323 1328 2405 eumdemque
1347 2345 1420 2388 cum
1434 2323 1490 2388 illo
1504 2344 1579 2405 per-

297 2431 450 2514 cepimus.
488 2430 561 2495 Non
581 2431 685 2496 solum
708 2435 817 2495 autem
840 2430 1069 2513 principatum,
1094 2430 1152 2494 sed
1175 2436 1208 2494 et
1226 2429 1352 2513 pondus
1372 2431 1579 2495 auctoritatis

297 2543 329 2602 et
355 2537 461 2603 tocius
489 2558 660 2602 censuram
690 2537 803 2602 iudicii
835 2543 933 2619 atque
962 2536 1058 2621 digne
1086 2537 1180 2604 factis
1212 2537 1501 2602 animadversionis
1531 2538 1579 2601 in·
1637 2599 1638 2622 ἶ

297 2644 449 2708 ferendae
473 2644 637 2708 consecuti
661 2666 771 2709 sumus
795 2643 886 2727 illis,d
910 2644 1053 2726 quinon
1077 2644 1266 2727 obaudiunt,
1290 2627 1504 2728 potestatem,
1531 2645 1579 2708 in·
1637 2629 1638 2678 3

295 2756 448 2834 prontum
463 2749 586 2814 scilicet
603 2749 770 2834 habentes,
791 2751 967 2816 secundum
986 2752 1179 2835 apostolum,
1205 2773 1331 2818 omnem
1349 2751 1463 2816 ulcisci
1486 2774 1578 2834 pror·

297 2879 351 2922 sus
373 2855 653 2922 inobedientiam.⁷

384 2963 479 3027 Item.
517 2962 566 3046 si,
595 2964 682 3046 quod
708 2986 773 3030 non
801 2964 962 3029 credimus
987 2965 1208 3048 pudoremque
1236 2965 1361 3047 regium
1384 2987 1449 3031 non
1472 2964 1578 3047 decet,

296 3073 460 3155 presentia
483 3070 641 3154 pontificii
664 3072 766 3136 nostri
797 3072 935 3153 monita,
969 3094 1032 3154 que
1055 3076 1191 3155 paterno
1211 3093 1231 3135 a
1250 3070 1343 3137 nobis
1366 3071 1579 3155 proferuntur

296 3177 425 3260 affectu,
450 3177 633 3261 spernenda
656 3183 689 3242 et
711 3200 775 3243 non
801 3177 963 3242 audienda
985 3178 1190 3262 indicaveris
1214 3201 1283 3262 nos,
1308 3179 1487 3244 auxiliante
1509 3179 1577 3245 Do·

295 3285 393 3367 mino,
418 3305 480 3368 que
504 3285 591 3350 fatus
612 3285 759 3350 dominus
779 3293 812 3350 et
831 3286 981 3352 decessor
999 3291 1110 3352 noster
1129 3291 1262 3352 sanctae
1285 3287 1439 3352 memorie
1457 3286 1578 3352 Adria·

295 3415 357 3457 nus
380 3414 467 3476 papa
490 3394 586 3476 cepit,
610 3414 675 3480 nec
693 3398 802 3456 tamen
824 3398 957 3476 propter
980 3395 1150 3459 continuas
1173 3393 1378 3458 infirmitates
1403 3415 1480 3458 suas
1502 3416 1577 3478 per-

296 3500 382 3581 fecit,
406 3501 485 3564 totis
509 3519 732 3566 consummare
750 3498 872 3564 viribus
892 3505 1089 3583 satagemus.
1135 3498 1221 3582 Quin
1239 3501 1347 3585 potius
1367 3507 1401 3566 et
1419 3501 1447 3565 si
1464 3521 1577 3566 neces·

296 3608 377 3671 sitas
409 3608 591 3690 imperarit,
624 3628 683 3690 per
714 3628 773 3671 nos
806 3607 1011 3690 accedentes,
1045 3610 1101 3691 qui
1131 3608 1165 3671 in
1197 3609 1315 3691 spiritu
1349 3607 1494 3672 lenitatis
1527 3609 1576 3671 in-

295 3720 458 3779 struentes
477 3714 585 3778 audiri
608 3713 812 3796 despicimur,
832 3714 866 3777 in
885 3715 986 3798 virga,
1006 3721 1043 3780 ut
1060 3715 1238 3798 apostolice
1256 3714 1427 3796 fateamur,
1446 3705 1576 3780 venien·

295 3826 366 3886 tes8
389 3826 521 3888 anctore
543 3820 614 3888 Deo
638 3820 871 3907 supplebimus

296 4020 359 4087 48.
383 4022 529 4080 Iohannes
558 4022 633 4080 VIII
658 4022 869 4098 Sopboaestom
896 4023 1042 4100 seminam
1060 3979 1227 4100 ‘cataperct
1260 4024 1338 4100 qnod
1366 4029 1467 4082 contra
1493 4043 1576 4100 spem

383 4129 442 4188 eriri
464 4129 594 4206 &sancti
615 4128 817 4205 „almacpeaas
838 4130 918 4188 uiros
941 4134 1084 4206 appotct“.
1130 4131 1274 4190 Hortatur
1296 4131 1350 4188 sab
1373 4132 1576 4190 ammonent·

384 4292 398 4315 ·
414 4287 541 4351 possideas
557 4301 608 4335 non
626 4287 682 4335 iure
700 4286 829 4349 possidens
846 4288 918 4350 qussi
937 4298 978 4337 cet.
1006 4291 1079 4338 Sc'cm
1093 4291 1146 4338 cod.
1174 4291 1241 4338 Recte
1254 4291 1346 4338 immac
1355 4292 1450 4352 Brshop,
1465 4293 1510 4340 noc
1523 4293 1575 4340 loco

295 4380 418 4427 aldrace'c
427 4379 518 4437 viante,
536 4378 606 4424 verba
614 4378 735 4437 complere
744 4379 862 4438 acidum,
881 4381 906 4426 irc
915 4381 953 4426 be's
961 4395 1043 4427 norma
1053 4380 1183 4439 Hadn'cac',
1202 4381 1237 4426 ad
1249 4395 1314 4440 qsoem
1326 4381 1445 4439 aequatae
1457 4378 1513 4427 eius
1527 4379 1575 4427 sol·

296 4466 435 4519 licitudinis
453 4469 501 4515 sare
520 4469 589 4515 duem
607 4463 732 4528 rq‘erendc
749 4475 810 4515 mat.
863 4462 877 4494 δ
894 4466 972 4530 quipe
990 4485 1010 4515 c.
1075 4468 1209 4517 lhonores
1222 4485 1242 4515 c.
1307 4461 1574 4530 dilucescentem.

386 4570 396 4600 ²
415 4569 457 4624 Of.
475 4569 548 4625 Jaffe
566 4569 608 4625 ed.
628 4585 680 4624 sec.
700 4570 778 4625 2961.
860 4569 930 4638 ²11,
949 4569 1042 4626 Calvo.
1123 4571 1133 4602 ³
1154 4571 1178 4625 Ι.
1259 4570 1271 4601 ⁴
1289 4570 1328 4625 11.
1406 4569 1493 4625 ⁶scil.
1513 4571 1575 4626 Ha·

296 4657 387 4717 dritmi
405 4659 445 4716 II.
519 4659 643 4714 “Palm
660 4660 705 4726 44,
725 4659 766 4713 17.
843 4659 851 4690 ⁷
871 4659 887 4714 2
906 4659 968 4716 (lor.
989 4661 1031 4728 10,
1049 4663 1074 4716 6.
1128 4709 1132 4718 .
1148 4661 1159 4691 ⁸
1179 4662 1192 4714 1
1213 4660 1276 4716 (lor.
1294 4661 1321 4728 4,
1340 4661 1383 4714 21.
