3336 5184
533 301 669 358 Euenum
686 315 724 356 111
742 315 907 358 ermonem
923 301 975 356 201
1175 339 1180 346 .
1331 285 1392 348 105

110 460 194 527 riter
216 461 358 528 retinere
389 482 445 528 vos
469 461 644 542 oredimus,
675 461 755 546 quia
785 483 846 528 nos
872 461 1056 528 animarum
1085 465 1269 526 uestrarum
1295 459 1394 526 saluti
1429 463 1514 523 1147

113 573 147 632 et
169 567 246 650 paci
269 572 398 634 vestrae
421 567 591 650 providere
614 567 758 636 volentes
783 567 974 650 dignitatem
998 566 1229 650 episcopalem,
1254 588 1352 649 quam
1372 587 1394 632 a
1411 552 1541 615 Iun.13.

112 673 220 756 longis
254 678 342 740 retro
374 673 575 757 temporibus
608 673 809 757 perdiderat,
845 672 1002 740 ecclesiae
1033 677 1161 739 vestrae
1192 673 1394 740 restituimus

113 785 215 862 atque
240 779 459 847 venerabilem
481 779 616 846 bomem
633 785 782 846 nostrum
800 778 1015 864 Alnselmum)
1036 779 1128 846 uobis
1150 779 1186 844 in
1209 779 1394 864 episcopum

113 885 256 954 Domino
276 891 407 954 auctore
431 886 721 966 consecravimus13
746 907 848 968 quem·
866 885 908 952 ad
931 891 1078 952 nosbam
1101 885 1320 969 praesentiam
1341 906 1394 952 ve·

113 993 261 1060 nientem
284 997 423 1076 paterna
444 993 583 1058 00011010
605 993 787 1076 recepimus
811 998 844 1060 et
867 1014 941 1058 cum
963 992 1068 1075 gloria
1090 991 1395 1076 sedisapostolicae

114 1105 149 1166 et
172 1099 357 1168 litterarum
379 1104 567 1168 nostrarum
589 1100 817 1182 prosecutione
840 1098 1067 1166 adecelesiam
1082 1119 1175 1164 suam
1188 1099 1393 1164 remittimus.

1 1221 2 1294 ᾗ
113 1205 262 1288 Ideoque
285 1226 352 1292 per¹
367 1204 546 1289 apostoliea
568 1205 692 1289 scripta
710 1205 916 1272 universitati
933 1210 1062 1270 vesmae
1080 1203 1272 1270 mandamus
1296 1209 1394 1286 atque
1467 1223 1469 1228 ’

1 1309 2 1322 ’
113 1313 346 1396 praeeipimus,
366 1316 527 1394 quatenus
546 1311 653 1394 ipsum
671 1311 811 1393 benigne
834 1310 1010 1395 recipiatis,
1037 1311 1181 1393 diligatis
1205 1315 1238 1376 01
1259 1309 1394 1376 honore·

113 1420 159 1486 tis
181 1419 279 1501 eique
301 1424 470 1500 tamquam
488 1417 619 1500 proprio
637 1418 762 1501 pastori
781 1422 814 1484 et
831 1418 1016 1486 animarum
1038 1422 1220 1484 vestrarum
1244 1417 1394 1500 episcopo

1 1510 2 1588 l
114 1525 336 1592 obedientiam
368 1529 402 1590 et
433 1525 648 1603 reverentiam
680 1524 847 1592 humiliter
876 1523 1043 1592 deieratis.
1090 1523 1133 1590 In
1164 1522 1394 1606 recuperandis

115 1651 246 1712 quoque
271 1636 304 1694 et
332 1630 541 1694 restituendis
569 1631 663 1696 bonis
687 1631 901 1696 Tornacensis
929 1631 1085 1696 ecclesiae
1115 1630 1230 1696 matris
1257 1634 1394 1710 vestrae,

1 1724 2 1746 ¹
115 1758 202 1818 quae
226 1758 246 1800 a
273 1737 369 1819 longo
396 1742 542 1820 tempore
569 1737 690 1821 injuste
721 1737 864 1802 alienata
896 1743 971 1802 sunt
999 1742 1031 1802 et
1057 1736 1170 1800 illicite
1199 1735 1393 1816 detinentur,

116 1844 163 1907 sio
196 1863 271 1907 eum
303 1843 440 1907 viriliter
472 1843 646 1926 adjuvetis,
680 1864 720 1908 ne
752 1843 959 1910 liberalitatis
991 1844 1043 1908 vel
1070 1842 1280 1928 benignitatis
1309 1840 1394 1908 sedis

115 1949 318 2034 apostolicae
341 1949 432 2014 vobis
456 1949 620 2016 exhibitae
638 1950 842 2015 immemores
861 1950 912 2015 vel
930 1951 1051 2036 ingrati
1069 1948 1265 2033 appareatis.
1305 1945 1395 2012 Data

1 2117 2 2162 ἶ
53 2096 54 2099 ¹
112 2055 251 2120 Meldis·
273 2053 387 2120 Idibus
410 2054 507 2121 Iunii.

648 2185 861 2194 —a-—-—-

112 2307 199 2374 201.
228 2309 382 2386 Disaenius
408 2307 460 2370 ΙΙΙ
485 2307 606 2386 Hupooc'
636 2309 847 2388 orcbc'episcopo
879 2309 1085 2386 Rotomnpensa'
1111 2308 1247 2384 mandat,
1277 2313 1394 2366 moneat
1471 2381 1473 2388 Α

227 2415 389 2474 Ricardum
403 2421 429 2474 ct
443 2415 615 2490 Hebraeum,
639 2416 748 2476 milites
771 2417 879 2494 templi,
899 2423 933 2476 ut
954 2417 1056 2475 uillam
1074 2414 1253 2489 „Reimberti
1270 2413 1393 2480 ulmas“

227 2541 247 2580 α
278 2521 421 2580 Wilblmo
452 2523 555 2583 occuito
584 2522 777 2584 Ponticorum
814 2530 957 2602 occeptum
987 2522 1131 2602 fratribus
1164 2519 1393 2582 lloorneoaibas

226 2627 347 2687 reddam
382 2634 435 2687 out
475 2648 543 2687 0000
575 2630 617 2688 eia
650 2631 814 2708 trameant
853 2637 905 2690 out
936 2629 1058 2708 denique
1090 2629 1128 2688 od
1159 2648 1219 2688 sesa
1253 2627 1392 2686 0000110111.

228 2733 380 2812 Pracmpit,
404 2741 438 2794 cd
460 2753 479 2792 o
503 2735 647 2795 Willebno
665 2737 699 2795 de
716 2736 905 2796 diocesianis
922 2736 1075 2814 famulum
1093 2735 1266 2796 monosterii
1283 2734 1393 2811 injuste

227 2847 345 2918 coptam
368 2841 480 2900 dimitti
502 2848 587 2901 curet.

249 2959 320 3018 Bibl
340 2966 397 3016 nat.
417 2960 503 3018 Paris.
523 2960 648 3018 chaam.
667 2961 838 3018 Troarnense
856 2978 926 3019 saec.
945 2974 1006 3018 xm
1024 2977 1066 3016 em
1086 2961 1129 3016 vel
1148 2974 1206 3018 ΚΝ
1221 2961 1261 3018 10.

568 3047 686 3106 malet.
708 3049 794 3105 10086
813 3049 859 3104 fol.
880 3051 939 3103 113.

202 3189 370 3273 Eugenius
412 3190 582 3274 episcopus
624 3211 735 3258 servus
776 3213 943 3258 servorum
977 3191 1041 3256 Dei
1077 3190 1255 3258 venerabili
1299 3189 1392 3256 fratri
1412 3192 1506 3252 1147.

112 3296 270 3381 Hiugoni)
292 3297 525 3379 Rotomagensi
554 3295 797 3381 archiepiscopo
825 3298 963 3366 salutem
991 3303 1024 3364 et
1055 3297 1268 3380 apostolicam
1295 3297 1391 3364 bene-

113 3403 300 3470 dictionem.
347 3403 480 3470 Ricardi
504 3402 718 3470 Troarnensis
742 3404 871 3472 abbatis
896 3411 928 3472 01
950 3403 1088 3470 fratrum
1111 3425 1244 3470 suorum
1267 3403 1309 3470 ad
1332 3425 1391 3468 uos

115 3509 250 3590 querela
268 3510 425 3593 pervenit,
447 3508 536 3592 quod
554 3508 739 3576 Willelmus
762 3531 869 3578 eomes
887 3511 1099 3578 Ponticorum
1117 3511 1238 3592 uillam,
1262 3530 1325 3592 qne
1345 3509 1391 3574 di·

114 3615 200 3682 citur
223 3614 403 3682 Reimberti
426 3617 543 3697 minus,
567 3637 630 3698 quc
652 3616 733 3684 iuris
754 3617 891 3686 ecclesie
915 3639 972 3686 sue
995 3618 1080 3682 sicut
1102 3617 1221 3684 asserit
1249 3637 1321 3684 esse
1345 3617 1391 3682 di-

114 3720 271 3801 noscitur,
295 3721 358 3790 sibi
384 3721 543 3790 violenter
571 3723 756 3804 abstulerit,
785 3745 884 3805 quam
906 3745 1119 3807 permenam
1142 3724 1244 3807 ipsius
1270 3722 1391 3790 milites

114 3825 229 3909 templi
251 3825 413 3896 Ricardus
437 3834 469 3894 01
491 3828 663 3910 chricua
686 3830 735 3896 eis
758 3829 1012 3898 reclamantibus
1031 3836 1064 3896 et
1082 3829 1390 3909 contradicentibus,

114 3938 341 4022 receperunt&
366 3941 537 4018 praeterea
559 3935 601 4004 de
619 3935 784 4002 Willelmo
809 3936 848 4002 de
871 3935 1070 4003 Mauritania
1092 3957 1223 4019 gravem
1248 3942 1280 4004 et
1303 3935 1390 4004 dete-

114 4039 267 4106 stabilem
298 4041 450 4108 101001οω
481 4041 546 4108 sibi
578 4047 610 4107 et
642 4042 776 4110 eoelesie
803 4062 861 4108 sue
888 4041 1115 4110 nichilominus
1141 4034 1390 4124 iniussaeque
1512 4029 1515 4036 ’

113 4151 239 4213 natu.
276 4145 451 4218 Fannium
473 4147 634 4230 siquidem
653 4148 797 4216 eiusdem
818 4147 965 4230 ecclesie,
990 4149 1073 4215 sicut
1095 4149 1129 4214 in
1154 4169 1264 4216 eorum
1286 4168 1390 4214 asser-

113 4253 203 4320 tione
226 4253 390 4335 consistit,
414 4255 585 4320 monastici
609 4255 731 4322 ordinis
754 4255 939 4322 reverencia
962 4260 995 4320 et
1017 4254 1149 4322 Domini
1175 4255 1291 4322 timore
1313 4275 1389 4322 con-

112 4419 115 4424 ·
201 4439 214 4466 ²
230 4433 311 4484 Meldi
327 4435 379 4482 eod.

64 4593 69 4627 1
203 4536 440 4592 ¹Die10Mart.
478 4536 520 4594 Cf.
540 4553 624 4608 supra
642 4537 788 4608 epistolam
809 4539 868 4594 194.
957 4538 967 4568 ²
984 4538 1028 4592 De
1049 4537 1102 4592 hac
1124 4537 1309 4593 controversia
1325 4537 1389 4593 vide

111 4623 289 4692 documenta,
308 4642 379 4696 quae
397 4625 471 4684 edidi
489 4625 519 4682 in
537 4624 670 4682 Archivce
689 4625 724 4680 de
741 4625 860 4681 l'Orieut
877 4626 947 4684 latin
965 4626 1005 4682 11.
1024 4627 1126 4696 25100.
