3284 5184
199 271 205 286 -
286 235 350 296 234
699 247 879 302 Uenusini
897 261 1067 302 srrsronaa
1086 247 1137 302 385

110 409 265 469 1186—87
285 409 416 474 ranensi
447 407 611 491 praefixit,
646 406 822 472 secundum
855 430 952 492 quem
983 410 1019 473 in
1050 407 1194 474 ecclesiis
1226 408 1327 492 recipi
1361 409 1503 474 debeant
1536 416 1573 474 et

128 497 243 574 A1³19·
285 516 548 599 procurationem
579 515 710 580 habere·
757 513 806 579 Ne
837 515 938 598 igitur
969 519 1083 580 contra
1115 515 1379 580 constitutionem
1409 515 1501 580 illam
1535 517 1572 580 in

286 622 421 687 concilio
445 620 565 686 iactam
588 620 744 686 ecclesiae
768 608 895 686 vestrae
919 624 1045 706 possint
1068 621 1229 686 sumtibus
1254 622 1390 703 onerari,
1414 643 1572 705 praesen-

285 730 373 795 tibus
397 727 487 793 vobis
510 728 628 793 litteris
651 728 867 811 indulgemus,
892 734 938 811 ut,
963 729 991 793 si
1010 728 1256 812 archiepiscopi,
1281 729 1437 812 episcopi,
1462 729 1573 794 arohi-

286 836 415 900 diaconi
445 835 497 898 uel
530 833 644 899 decani
677 833 718 898 ad
751 836 905 900 ecclesias
937 840 1062 900 vestras
1089 835 1124 899 in
1146 835 1262 901 maiori
1284 855 1433 917 numero,
1467 857 1573 918 quam

286 929 448 1007 statutum
467 925 519 1006 vsit
545 942 579 1005 in
608 941 742 1006 concilio
774 946 964 1024 memorato,
997 941 1149 1006 duxerint
1172 942 1404 1024 accedendum,
1438 941 1480 1006 ad
1512 964 1573 1007 eos

285 1049 487 1133 recipiendos
521 1054 554 1112 ot
585 1049 805 1131 procurandos
835 1071 901 1114 non
937 1050 1069 1133 possitis
1107 1048 1329 1113 ecclesiastica
1365 1048 1573 1115 districtione

286 1155 445 1240 compelli.
487 1153 689 1220 Sententiam
711 1176 797 1238 vero,
811 1157 851 1220 si
874 1176 939 1238 qua
961 1156 996 1219 in
1018 1176 1074 1220 vos
1098 1155 1149 1219 vel
1172 1155 1327 1220 ecclesias
1350 1161 1483 1238 propter
1507 1155 1573 1221 hoc

286 1262 370 1329 forte
392 1261 602 1346 protulerint,
636 1261 838 1327 decernimus
865 1262 1067 1327 irritandam.
1114 1262 1238 1326 Datum
1261 1260 1410 1327 Veronae
1432 1260 1465 1326 V
1488 1262 1574 1328 Idus

286 1368 419 1452 Aprilis.

287 1679 373 1747 385.
402 1681 538 1740 Urbanos
560 1679 612 1738 ΙΙΙ
629 1679 757 1738 Hearioo
789 1679 1003 1754 archicpisomro
1031 1678 1214 1737 Bituriccasc'
1239 1696 1296 1753 per
1327 1683 1418 1737 totam
1444 1680 1575 1753 prouin-

399 1788 487 1860 ciam,
511 1793 622 1862 eccepto
645 1787 825 1846 monasterio
847 1786 981 1859 Dolensi,
1005 1786 1081 1844 vices
1103 1805 1176 1844 suas
1198 1785 1362 1844 committit.

456 1905 528 1960 Bibl.
548 1911 605 1960 nat.
625 1905 712 1959 Paris.
732 1905 801 1960 Ooll.
820 1904 925 1960 Buluze
944 1905 986 1960 79.
1015 1903 1062 1961 fol.
1083 1905 1142 1958 182.
1171 1921 1257 1958 manu
1277 1921 1298 1958 s.
1317 1917 1395 1958 xvn.

112 2083 266 2144 1186-87
377 2066 530 2133 Urbanus
554 2068 724 2158 episcopus
749 2087 859 2131 servus
883 2087 1049 2131 servorum
1072 2066 1134 2131 Dei
1162 2067 1341 2132 venerabili
1364 2066 1457 2132 fratri
1483 2067 1574 2132 Hen-

123 2172 258 2248 Apr·13·
288 2175 356 2240 ricc
380 2173 623 2256 archiepiscopo
631 2177 653 2254 1,
686 2173 885 2255 Aquitaniae
916 2174 1063 2256 primati,
1097 2174 1296 2257 apostolicae
1331 2174 1417 2238 sedis
1448 2174 1572 2256 lega-to,

289 2281 428 2345 salutem
456 2285 488 2342 et
519 2279 731 2362 apostolicam
758 2279 1028 2345 benedictionem.
1076 2279 1206 2362 Quanto
1229 2279 1388 2346 beneficia
1410 2282 1572 2363 grauiora,

289 2387 366 2452 dum
390 2407 534 2451 essemus
558 2387 592 2449 in
615 2386 732 2450 minori
756 2385 872 2466 officio,
897 2386 939 2451 ab
963 2386 1099 2451 ecclesia
1117 2386 1179 2451 tibi
1202 2389 1375 2452 commissa
1397 2409 1456 2452 nos
1481 2409 1572 2452 acce·

288 2497 376 2579 pisse
399 2493 572 2558 recolimus
605 2498 637 2556 et
660 2492 843 2557 uberiorem
875 2493 917 2558 ab
946 2513 984 2558 eo
1012 2494 1153 2576 gratiam
1177 2499 1357 2575 assecutoS,
1385 2499 1479 2560 tanto
1504 2517 1571 2559 am-

289 2602 374 2685 plius
397 2622 456 2666 nos
485 2600 514 2663 ei
541 2599 799 2680 recognoscimus
829 2599 992 2665 debitores
1020 2606 1054 2664 et
1080 2599 1234 2665 libentius
1261 2601 1369 2684 ipsam
1395 2621 1571 2684 praeroga-

289 2709 357 2772 tiva
378 2712 510 2772 nostrae
534 2705 716 2770 dilectionis
746 2712 779 2770 et
805 2708 913 2789 gratia
941 2706 1141 2772 decoramus.
1187 2705 1275 2770 Illud
1303 2707 1401 2770 etiam
1430 2708 1473 2772 ad
1496 2729 1570 2774 exe-

289 2814 453 2897 quendum
475 2818 607 2877 nostrae
631 2812 808 2877 voluntatis
827 2815 1029 2896 propositum
1049 2813 1205 2878 attentius
1229 2834 1288 2877 nos
1310 2813 1444 2896 inducit,
1471 2815 1569 2897 quod,

289 2942 362 2985 oum
387 2921 449 2984 sisa
471 2942 536 2984 non
560 2919 664 2985 solum
687 2921 814 3001 generis
839 2920 1014 2984 sedetiam
1033 2941 1158 2985 morum
1177 2919 1348 2985 nobilitate
1367 2921 1569 3004 perspicuus,

288 3034 365 3092 tuae
389 3028 534 3091 sincerae
558 3027 737 3092 devotionis
761 3025 913 3116 affectum
941 3027 1027 3091 circa
1050 3048 1109 3091 nos
1133 3032 1166 3090 et
1188 3025 1370 3092 Romanam
1398 3027 1570 3092 ecclesiam

288 3156 391 3217 usque
415 3134 496 3198 adeo
519 3133 694 3198 manifesta
716 3155 825 3198 rerum
849 3132 1046 3198 exhibitione
1070 3133 1232 3214 declaras,
1262 3139 1299 3196 ut
1322 3134 1363 3199 ab
1388 3134 1570 3217 apostolica

289 3241 364 3305 sede
396 3262 461 3305 non
492 3242 653 3307 immerito
687 3239 778 3322 diligi
811 3239 930 3303 debeas
962 3239 1012 3302 etb
1044 3240 1236 3322 propensius
1266 3238 1430 3304 honorari.
1482 3239 1569 3305 Sane

282 3355 362 3413 'oum
384 3368 443 3431 per
466 3370 525 3413 nos
548 3348 664 3430 exequi
687 3369 753 3412 non
775 3346 951 3430 possimne,
980 3367 1064 3428 quae
1091 3346 1186 3411 nobis
1215 3367 1255 3410 ex
1279 3353 1449 3430 susceptae
1472 3348 1568 3411 mini-

290 3455 388 3519 sterio
417 3455 582 3519 servitutis
609 3455 779 3518 imminent
802 3452 1006 3535 exequenda,
1035 3453 1108 3518 illos
1131 3454 1165 3516 in
1188 3458 1316 3536 partem
1340 3453 1569 3518 sollicitudinis

289 3561 448 3625 advocare
479 3566 641 3642 tenemur,
671 3560 711 3624 de
742 3581 879 3643 quorum
906 3559 1081 3642 prudentia
1109 3565 1142 3624 et
1172 3558 1344 3624 honestate
1377 3559 1570 3626 confidimus

290 3673 323 3731 et
340 3688 398 3750 per
417 3688 499 3749 quos
517 3668 604 3731 vitiis
624 3667 811 3750 exstirpatis
833 3667 991 3730 virtutum
1020 3671 1133 3731 autore
1153 3664 1223 3731 Deo
1242 3666 1404 3731 credimus
1423 3670 1571 3750 germina

288 3773 509 3857 propaganda.
547 3773 742 3858 Eapropter,
765 3773 960 3838 venerabilis
983 3772 1018 3835 in
1037 3770 1166 3838 Christo
1189 3771 1292 3838 frater
1315 3774 1569 3858 archiepiscope,

288 3881 322 3944 in
345 3885 379 3944 te
402 3880 609 3963 probitatem,
634 3880 829 3962 elegantiam
847 3901 974 3944 morum
993 3884 1026 3943 et
1050 3879 1196 3944 sincerae
1214 3878 1394 3946 devotionis
1418 3887 1570 3945 constan·
1622 3861 1623 3870 ἵ

289 3987 371 4051 tiam
394 3987 610 4068 attendentes,
639 4008 698 4069 per
724 3990 828 4050 totam
851 3986 1050 4068 provinciam
1077 3991 1183 4068 tuam,
1208 3992 1345 4070 excepto
1371 3989 1570 4053 monasterio

289 4093 439 4175 Dolensi,
471 4093 511 4158 de
544 4093 677 4158 consilio
709 4091 846 4156 fratrum
875 4097 1059 4156 nostrorum
1087 4093 1285 4176 apostolicae
1313 4093 1375 4158 tibi
1396 4092 1570 4175 legationis
1621 4121 1622 4128 ¹

291 4198 432 4264 officium
457 4200 687 4266 committimus
711 4197 946 4280 exequendum,
970 4199 1058 4262 utin
1081 4220 1121 4264 ea
1143 4199 1212 4263 vice
1239 4205 1367 4282 nostra,
1392 4220 1476 4282 quae
1500 4221 1570 4264 cor-

289 4306 425 4389 rigenda
449 4311 526 4371 sunt
558 4306 716 4387 corrigas,
750 4304 868 4368 evellas
900 4325 984 4387 quae
1014 4303 1135 4370 fuerint
1166 4305 1343 4388 evellenda,
1377 4313 1410 4371 et
1441 4305 1571 4390 plantes

380 4487 470 4536 'sic
542 4483 791 4536 betdccstineod.

305 4569 307 4574 ’
382 4588 584 4644 1Biturioensi.
