3336 5184
307 292 370 354 154
659 306 849 360 Annxxunm
867 319 905 358 111
922 317 1090 358 nrrsronsn
1109 303 1169 358 270.
1189 303 1239 357 271

172 473 256 533 1178
304 465 526 548 impedientes
555 486 724 530 assensum
747 466 912 549 praesenti
936 466 1056 548 scripto
1080 461 1140 528 snb
1163 463 1426 528 interminatione
1450 461 1587 526 anathe-

148 565 285 640 A1³1⁸·22·
305 573 402 636 matis
425 570 643 654 prohibemus,
668 593 708 635 ne
732 573 804 654 quis
827 573 930 636 laicus
950 593 969 635 a
987 570 1078 636 vobis
1103 569 1244 634 decimas
1264 569 1392 652 exigere
1410 569 1462 633 vel
1478 575 1587 634 extor-

306 699 404 762 quere
427 683 624 761 praesumat.
671 676 706 742 Si
739 680 811 760 quis
844 684 954 742 autem
987 684 1100 743 contra
1126 677 1229 768 hancl
1254 675 1504 758 prohibitionem
1528 697 1587 740 no·

305 791 406 849 stram
428 785 538 848 venire
561 786 825 868 praesumpserit,
849 784 1106 866 indignationem
1125 783 1354 866 omnipotentis
1371 782 1433 847 Dei
1452 788 1485 847 et
1508 781 1588 846 bea-

304 897 412 956 torum
442 890 533 954 Petri
575 896 608 954 et
638 890 734 954 Panh
776 891 997 974 apostolorum
1030 892 1099 955 eius
1142 911 1176 954 se
1208 890 1335 954 noverit
1368 890 1586 952 incursurum.

305 997 428 1062 Datum
450 995 606 1061 Laterani
629 996 663 1060 X
686 996 817 1062 Calend.
841 997 948 1061 ldaii.l

306 1248 395 1316 270.
419 1251 583 1308 Alacccder
605 1250 657 1309 Ill
683 1251 906 1327 archiepiscopis
938 1256 964 1309 et
995 1249 1153 1325 episcopis,
1185 1249 1220 1308 ic
1252 1268 1379 1327 qaorum
1410 1248 1588 1308 dioecesibus

417 1357 747 1416 Maius-caocostcriiim
771 1357 974 1433 possessiones
1001 1357 1094 1429 babet,
1118 1356 1254 1429 machi,
1283 1375 1320 1415 ce
1345 1356 1544 1431 parochianos
1568 1374 1588 1413 c

418 1464 561 1540 fratribus
583 1464 759 1522 monosterii
782 1463 908 1522 decim
931 1463 1040 1538 eoeipme
1056 1463 1221 1538 potientur.

431 1581 503 1636 Bibl.
522 1588 580 1636 nat.
599 1581 686 1636 Paris.
705 1599 756 1636 ms.
776 1583 824 1636 lat.
844 1582 931 1636 12879
949 1581 995 1636 fol.
1017 1581 1075 1635 150.
1108 1580 1262 1650 Descripsit
1279 1581 1406 1636 Martene
1428 1599 1464 1636 ex

857 1670 1037 1742 autographo.

177 1812 261 1872 1178
396 1794 582 1859 Alexander
605 1795 774 1878 episcopus
799 1815 909 1859 servus
933 1816 1099 1860 servorum
1120 1796 1183 1860 Dei
1210 1796 1450 1860 venerabilibus
1478 1796 1590 1860 fratri-

151 1903 223 1978 Apr.
236 1903 286 1961 29.
307 1902 368 1966 bus
392 1902 643 1984 archiepiscopis
667 1907 700 1965 et
723 1902 894 1986 episcopis,
918 1903 952 1965 in
971 1924 1109 1984 quorum
1128 1903 1368 1985 episcopatibus
1395 1903 1505 1967 dilecti
1527 1901 1590 1966 filii

307 2009 409 2074 nostri
433 2007 535 2072 abbas
560 2014 594 2072 et
616 2006 733 2072 fratres
748 2008 882 2073 Maioris
899 2009 1089 2073 monasterii
1113 2008 1266 2072 ecclesias
1292 2009 1342 2073 vel
1364 2010 1589 2093 possessiones

308 2115 427 2179 habere
459 2119 650 2195 noscuntur,
684 2115 823 2179 salutem
856 2120 889 2179 et
921 2115 1134 2198 apostolicam
1162 2114 1430 2180 benedictionem.
1476 2115 1589 2179 Minus

308 2221 478 2304 dngenter
501 2222 683 2304 injunctum
697 2221 788 2286 vobis
803 2220 944 2286 officium
962 2223 1185 2303 exsequimini,
1210 2223 1238 2285 si
1260 2222 1444 2305 praedictos
1467 2221 1588 2286 fratres

307 2329 358 2392 vel
381 2328 461 2393 alios
485 2328 722 2392 ecclesiasticos
745 2329 831 2392 viros
856 2349 875 2391 a
898 2328 990 2392 laicis
1015 2327 1213 2392 decimarum
1241 2331 1408 2394 exactione
1435 2329 1588 2413 patimini

307 2435 447 2517 fatigari,
473 2457 546 2498 cum
570 2435 673 2499 omnis
697 2433 869 2517 prohibeat
890 2435 974 2499 ratio
998 2440 1031 2498 et
1056 2456 1193 2499 censura
1217 2457 1376 2500 canonum
1396 2435 1586 2516 detestetur,

306 2541 398 2605 laicis
422 2563 441 2605 a
465 2540 666 2623 quibuslibet
688 2540 807 2604 nedum
828 2562 847 2604 a
865 2541 1024 2622 religiosis
1048 2542 1125 2605 viris
1145 2541 1287 2606 decimas
1307 2541 1461 2606 exhiberi.
1492 2541 1586 2605 Man·

308 2647 421 2711 damus
444 2649 555 2730 itaque
579 2646 776 2711 fraternitati
799 2653 926 2711 vestrae
954 2653 1052 2731 atque
1079 2649 1310 2732 praecipimus,
1339 2649 1492 2731 quatinus
1516 2648 1588 2711 uni-

307 2754 407 2817 uersis
438 2753 531 2817 laicis
563 2754 769 2836 parochianis
797 2754 913 2818 vestris
946 2755 1005 2819 sub
1030 2755 1370 2820 excommunicationis
1397 2754 1587 2819 intermina-

226 2889 230 2898 ’
306 2861 403 2950 tione⁸
416 2859 588 2942 prohibere
613 2861 747 2942 curetis,
781 2880 821 2923 ne
850 2881 869 2924 a
893 2858 1049 2924 fratribus
1073 2861 1207 2926 Maioris
1230 2862 1419 2926 monasterii
1443 2861 1587 2924 decimas

307 2966 434 3048 exigere
457 2966 508 3030 vel
532 2973 724 3049 extorquere
747 2973 967 3048 praesumant.
1015 2966 1049 3032 Si
1073 2969 1128 3050 qui
1152 2975 1261 3033 autem
1285 2974 1398 3033 contra
1421 2967 1587 3031 inhibitio-

306 3094 379 3136 nem
403 3078 545 3137 vestram
567 3073 677 3137 venire
697 3074 984 3156 praesumpserint,
1009 3095 1063 3139 eos
1088 3075 1342 3140 contradictione
1362 3079 1418 3139 aut
1441 3073 1586 3156 appella-

306 3179 393 3244 tione
417 3185 564 3244 cessante
584 3180 924 3244 excommunicationis
953 3181 1133 3245 sententiae
1162 3184 1351 3263 supponatis
1382 3187 1415 3245 et
1443 3202 1515 3246 eam
1537 3180 1587 3244 fa-

307 3285 400 3349 ciatis
423 3307 527 3368 nsque
551 3286 593 3350 ad
617 3286 747 3368 dignam
771 3285 1027 3351 satisfactionem
1049 3287 1279 3353 inviolabiliter
1304 3288 1479 3353 observari.
1518 3287 1586 3351 Da-

306 3397 376 3455 tum
398 3392 522 3457 Romae
546 3393 634 3477 apud
657 3391 689 3457 S.
713 3392 848 3456 Petrum
870 3391 924 3455 ΠΙ
948 3392 1107 3458 calendas
1130 3394 1220 3458 Maii.

840 3539 1052 3546 ——.——

307 3643 385 3709 271.
416 3645 579 3704 Alexander
605 3646 658 3705 ΙΙΙ
684 3665 786 3705 omnes
817 3647 1079 3723 archiepiscopatus
1113 3647 1337 3723 Soliburpeesis
1362 3646 1510 3722 proelmos
1547 3647 1588 3705 ud

416 3752 574 3811 concilium
592 3753 787 3812 Luterecensc
805 3753 919 3812 incitet.
968 3753 1141 3828 Gregorima
1159 3754 1371 3812 medicocorum
1393 3772 1484 3811 secun
1506 3771 1586 3812 wm-

416 3859 541 3918 modat.

442 3959 513 4015 Bibl.
533 3979 588 4032 reg.
608 3961 716 4015 Monac.
736 3961 794 4016 cod.
814 3961 862 4015 lat.
884 3961 968 4015 19411
989 3960 1067 4030 (olim
1084 3961 1213 4032 Tegerns.
1234 3962 1312 4030 1411)
1332 3979 1353 4016 s.
1372 3963 1446 4015 1111.b

181 4104 266 4164 1178
396 4082 602 4170 Aderander)
625 4085 812 4168 episcopus⁰
840 4106 950 4149 servus
979 4106 1144 4150 servorum
1167 4085 1229 4150 Dei
1256 4086 1495 4150 venerabilibus
1519 4084 1585 4148 fra-

165 4195 287 4254 Maiae
305 4191 411 4255 tribus
431 4190 602 4276 (henrodo)
621 4189 852 4273 Salzpurgensi
870 4191 1122 4275 archiepiscopo,
1143 4193 1340 4276 apostolicae
1360 4193 1444 4258 sedis
1463 4193 1583 4276 legate,

393 4373 488 4422 ‘hanc
506 4375 567 4422 daed
584 4375 610 4421 ire
628 4373 652 4422 2.
743 4368 756 4401 b
775 4374 838 4420 Mai
853 4375 915 4421 mail
933 4375 1031 4421 Marem
1049 4376 1145 4422 Mirarer
1163 4378 1257 4425 Monac.
1344 4379 1355 4402 ⁰
1373 4374 1503 4438 episcopus
1521 4376 1585 4422 decet

303 4464 329 4510 in
346 4463 392 4510 ced

393 4498 476 4598 lDie
495 4545 529 4600 26
552 4563 589 4600 m.
609 4546 675 4616 Apa
696 4545 765 4599 1178
787 4544 948 4601 Alexander
965 4546 1013 4600 ΙΙΙ
1036 4548 1204 4603 monasterio
1222 4548 1397 4620 privilegium
1416 4548 1472 4603 dat.
1509 4546 1585 4602 Vide

305 4649 355 4686 ms.
373 4632 421 4687 lat.
441 4633 529 4688 Paris.
548 4632 615 4688 bibl.
634 4640 691 4689 nat.
713 4634 798 4688 12879
817 4634 865 4689 fol,
886 4636 946 4690 165.
1219 4635 1220 4642 '
