3284 5184
417 259 602 312 Oonnnsrrur
619 272 656 312 n1
674 271 841 313 mrsromn
858 259 920 314 406.
938 260 990 314 407
1281 245 1341 308 251

79 440 138 482 nus
161 419 358 484 auctoritate
383 417 563 501 apostolica
579 416 708 484 effectui
726 419 915 502 mancipari.
953 418 1148 503 Eapropter,
1172 421 1289 486 dilecte
1311 423 1345 486 in
1382 418 1467 477 1193

79 524 195 591 Christo
219 525 296 608 filie,
320 525 437 590 vestris
460 523 555 589 iustis
574 524 725 607 precibus
744 531 934 607 annuentes,
959 526 1123 592 devotioni
1144 534 1251 592 vestre
1274 551 1346 613 pre·
1363 507 1485 567 Mam·

79 634 149 696 senti
171 634 295 716 pagina
319 632 469 696 duximus
496 630 744 713 indulgendum,
778 637 815 696 ut
841 632 1052 697 festivitatem
1075 632 1172 700 beate
1196 633 1347 701 Caterine
1413 705 1416 710 ,

78 739 197 820 virginis
224 745 257 803 et
279 739 424 802 martiris
451 737 544 803 vobis
572 737 671 802 liceat
696 739 731 802 in
759 737 929 803 duodecim
952 740 1146 821 lectionibus
1171 742 1346 807 celebrare.

78 845 279 911 Decernimus
304 865 394 928 ergo,
427 850 465 908 ut
488 845 569 908 nulli
593 845 723 909 omnino
751 845 918 910 hominum
945 845 1053 928 liceat,
1083 848 1167 911 hanc
1195 849 1348 932 paginam

78 957 173 1014 nostre
199 952 418 1017 concessionis
450 950 626 1032 infringere
654 951 705 1015 vel
733 952 764 1016 ei
791 974 874 1016 ausu
897 955 1071 1018 temerario
1095 957 1265 1020 contraire.
1313 953 1348 1020 Si

79 1059 138 1139 quis
161 1064 275 1123 autem
298 1058 359 1123 hoc
383 1062 580 1141 attemptare
603 1059 848 1142 presumpserit,
872 1059 1128 1141 indignationem
1147 1062 1347 1145 omnipoten-

78 1165 110 1226 tis
131 1164 193 1228 Dei
219 1171 253 1230 et
279 1165 451 1228 beatorum
474 1163 565 1228 Petri
593 1170 626 1228 et
648 1164 758 1248 Pauli,
792 1166 1014 1249 apostolorum
1042 1167 1125 1247 cius,
1160 1189 1194 1232 se
1221 1167 1348 1231 noverit

78 1271 283 1336 incursurum.
320 1271 444 1336 Datum
462 1269 619 1334 Laterani
637 1270 673 1334 H
690 1270 769 1335 Idus
788 1272 879 1355 Maii,
903 1272 1112 1356 pontificatus
1136 1274 1240 1338 nostri
1263 1295 1347 1338 anno

78 1379 172 1442 tertio.

600 1473 813 1480 ——.-——-——.

78 1611 158 1678 406.
182 1615 364 1674 Ooelesto'nus
386 1615 437 1674 III
455 1616 585 1692 liudolfo
609 1615 705 1674 abbati
732 1615 909 1675 fiscanensi
930 1617 1091 1692 permittit,
1119 1623 1237 1676 moneat
1258 1635 1348 1692 paro-

176 1721 301 1781 chianos
323 1741 404 1795 snos,
427 1730 461 1782 at
483 1723 640 1798 antiquam
661 1723 904 1782 cormaetcdicem
926 1725 961 1782 tn
979 1724 1096 1782 ecclesio
1113 1723 1271 1782 cathedrali
1289 1724 1348 1783 dia-

176 1830 234 1888 bas
251 1835 428 1904 pentecostes
449 1829 600 1888 natando
621 1830 665 1890 cel
687 1830 813 1922 (1000110
831 1849 894 1888 nno
911 1830 1101 1904 persolvendo
1125 1829 1278 1889 observent.

228 1948 300 2002 Bibl.
319 1953 376 2003 nat.
394 1947 482 2002 Paris.
502 1946 573 2002 Ooll.
592 1947 709 2002 Moreau
728 1949 788 2003 341.
811 1948 858 2003 fol.
878 1949 920 2003 95.
950 1965 1036 2002 manu
1054 1965 1075 2003 s.
1095 1961 1185 2003 xvm.

156 2107 339 2174 Celestinus
364 2109 532 2192 episcopus
561 2129 672 2173 servus
698 2131 864 2175 servorum
887 2108 949 2173 Dei
973 2108 1092 2174 dilecto
1115 2107 1181 2173 filio
1204 2107 1347 2174 Radulfo
1384 2120 1469 2180 1193

81 2211 261 2281 l'iscanensi
284 2215 397 2280 abbati
420 2215 559 2279 salutem
584 2221 616 2279 et
639 2216 851 2298 apostolicam
879 2215 1146 2281 benedictionem.
1193 2214 1286 2280 Sicut
1309 2237 1348 2280 ex
1364 2211 1486 2270 Mai22·

81 2327 198 2388 tuaest
223 2322 316 2388 nobis
339 2327 432 2404 parte
455 2322 667 2404 propositum,
702 2343 774 2386 cum
806 2343 865 2405 per
893 2328 996 2387 totam
1024 2321 1091 2386 fere
1114 2320 1347 2387 Normanniam

83 2429 211 2509 quedam
234 2427 432 2494 consuetudo
457 2426 498 2492 ab
523 2429 666 2511 antiquis
695 2427 895 2512 temporibus
925 2428 1120 2511 generaliter
1148 2431 1351 2495 consueverit

83 2534 246 2621 observari,
270 2540 307 2598 111
329 2535 363 2598 in
387 2534 501 2599 diebus
526 2540 729 2618 pentecostes
755 2534 794 2598 de
817 2556 1015 2617 unaquaque
1046 2535 1140 2600 domo
1168 2557 1252 2600 unus
1276 2559 1350 2620 par-

82 2642 243 2707 rochianus
268 2664 361 2706 suam
384 2640 605 2706 cathedralem
629 2641 799 2706 ecclesiam
822 2647 972 2706 teneatur
990 2642 1282 2725 processionaliter
1304 2643 1350 2707 vi-

83 2748 168 2814 sitare
192 2749 245 2812 vel
267 2770 367 2812 unum
399 2747 567 2813 denarium
596 2748 719 2813 usualis
752 2755 880 2815 monete
907 2770 965 2832 per
992 2749 1159 2832 proprium
1188 2749 1351 2814 destinare

83 2855 303 2937 presbiterum,
338 2855 470 2938 quidam
502 2856 709 2939 parrochiani
743 2855 803 2920 sub
836 2855 1024 2920 monasterii
1051 2856 1100 2919 tui
1128 2855 1352 2921 iurisdictione

83 2969 239 3026 manentes
271 2969 355 3026 hanc
386 2985 452 3027 non
484 2968 600 3027 curant
632 2962 897 3028 consuetudinem
938 2959 1120 3026 observare.
1171 2960 1217 3026 Ut
1253 2963 1353 3044 igitur

85 3067 157 3132 idem
178 3069 294 3134 vicinis
319 3070 386 3134 suis
404 3070 438 3132 in
457 3069 551 3134 bonis
571 3070 715 3135 moribus
740 3069 990 3150 conformentur,
1016 3067 1207 3134 exhortandi
1231 3088 1285 3132 cos
1310 3066 1351 3130 ad

84 3171 141 3256 hec,
165 3197 230 3260 que
254 3196 353 3257 supra
375 3176 552 3258 posuimus,
577 3182 610 3240 et
627 3177 690 3258 piis
710 3197 748 3240 ac
772 3173 958 3240 efficacibus
978 3173 1280 3241 commonitionibus
1303 3174 1352 3237 in-

87 3278 212 3346 ducendi
248 3282 385 3346 liberam
417 3281 478 3345 tibi
510 3282 683 3346 tribuimus
712 3283 906 3348 auctoritate
939 3281 1118 3366 apostolica
1152 3279 1351 3345 facultatem.
1437 3305 1440 3312 ¹

85 3383 196 3454 Datum
219 3388 375 3453 Laterani
398 3387 449 3452 XI
472 3388 546 3454 Kal.
572 3388 669 3471 Iunii,
692 3388 902 3471 pontificatus
925 3389 1029 3454 nostri
1053 3409 1137 3454 anno
1160 3387 1267 3451 tertio.

88 3711 165 3781 407.
188 3715 368 3776 Ocalestioos
390 3713 442 3773 HI
459 3715 696 3789 Aooosreosaoa
714 3715 925 3774 canonicorum
947 3715 1089 3774 nltimam
1106 3716 1285 3774 uoluntatem
1308 3715 1354 3772 ob-

186 3823 299 3881 servari
321 3828 346 3881 at
368 3839 480 3893 emeno,
507 3821 560 3897 qai
581 3821 713 3880 intestati
734 3822 847 3881 mortar·
864 3822 986 3897 fuerint,
1005 3840 1052 3880 res
1075 3828 1127 3881 out
1149 3822 1281 3881 0001011αο
1304 3826 1357 3879 oct

186 3928 339 3988 heredibus
361 3928 501 4002 legitimis
524 3928 675 4003 dampnari
697 3927 783 3987 iubet.

290 4046 362 4102 Bibl.
381 4063 436 4117 reg.
455 4046 615 4102 Monacens.
635 4045 694 4103 cod.
714 4046 762 4104 lat.
783 4046 807 4103 2,
826 4045 873 4101 fol.
890 4048 950 4102 111.
973 4064 1061 4102 manu
1079 4064 1100 4102 s·
1114 4054 1197 4101 11111·

167 4209 348 4274 Celestinus
381 4209 551 4293 episcopus
584 4226 696 4272 servus
727 4228 892 4273 servorum
915 4207 977 4272 Dei
1006 4207 1132 4272 dilectis
1160 4205 1235 4270 filiis
1261 4226 1354 4270 cano·
1384 4223 1468 4281 1194

92 4314 159 4380 uicis
182 4315 443 4398 Augustensibus
467 4314 606 4380 salutem
630 4320 663 4378 et
686 4315 900 4397 apostolicam
922 4314 1189 4379 benedictionem.
1233 4311 1285 4377 Ex
1303 4333 1354 4376 ve·
1373 4312 1433 4370 Mai
1444 4313 1472 4372 3.

94 4425 150 4486 stra
166 4423 229 4488 fuit
250 4423 342 4489 nobis
361 4429 455 4506 parte
473 4423 688 4506 propositum,
715 4421 812 4504 quod,
833 4443 906 4486 cum
925 4422 1067 4505 aliquem
1086 4441 1126 4485 ex
1144 4419 1236 4485 vobis
1255 4424 1355 4484 testa-

169 4609 180 4632 ¹
198 4608 237 4654 1¹3oe
253 4607 343 4654 schedae
361 4607 382 4654 b.
401 4621 431 4652 m.
451 4606 560 4665 Philippi
576 4605 646 4665 Jaffl.
