3284 5184
414 295 540 350 Unenur
558 307 595 347 111
613 307 781 348 umeronnn
799 293 860 350 383.
879 293 932 348 384
1275 280 1339 342 233

78 461 149 526 ³83.
177 462 314 522 Urbanus
336 461 388 520 ΙΗ
406 459 559 519 uuiousos
576 459 748 534 wmaoiae
769 459 997 533 Burdeaateuse's
1018 461 1169 534 praelatos
1196 459 1339 534 hortatur,

171 576 205 629 ut
228 569 393 628 Hauricuou
415 566 644 638 Biturteeusem,
675 565 704 623 si
728 564 911 640 primatiam
941 565 1063 625 uisitare
1085 584 1154 624 erun
1180 567 1339 642 mutuaret,

170 682 331 735 reverenter
353 673 506 749 euupiaut.
1004 705 1008 712 ·

230 775 302 830 Bibl.
321 779 378 830 net.
397 773 484 828 Paris.
504 773 574 828 0011.
593 771 697 828 Beluae
716 773 758 827 79.
786 771 834 826 fol.
854 772 914 827 251.
943 789 1029 827 manu
1047 790 1069 828 e.
1088 787 1167 829 xvn.

148 937 303 1002 Urbanus
327 935 497 1018 episcopus
521 954 631 997 servus
651 953 816 997 servorum
834 932 898 997 Dei
921 933 1161 999 venerabilibus
1185 933 1514 1000 fratribus1186—87

75 1043 296 1125 Burdegalensi
326 1040 589 1123 archiepiscopo1
621 1045 654 1103 et
687 1037 898 1120 suffraganeis
934 1040 1003 1104 eius
1036 1045 1069 1105 et
1105 1040 1234 1105 dilectis
1264 1040 1340 1105 filiis
1376 1025 1462 1083 Masi·
1476 1028 1503 1085 4·

74 1149 235 1214 abbatibus
269 1154 302 1213 et
325 1149 398 1212 aliis
432 1147 641 1211 ecclesiarum
671 1145 827 1229 praelatis
855 1145 888 1208 in
912 1146 1148 1229 Burdogalensi
1175 1147 1341 1230 provincia
1558 1132 1561 1140 ’

74 1257 248 1320 constitutis
272 1255 411 1319 salutem
441 1258 473 1318 et
502 1252 715 1336 apostolicam
738 1251 1007 1318 benedictionem.
1055 1252 1265 1336 Significante
1288 1273 1340 1316 ve-

73 1363 195 1426 nerabili
220 1361 324 1426 fratre
347 1367 459 1427 nostro
472 1359 615 1424 Henrico
634 1357 832 1423 Bituricensi
856 1359 1108 1442 archiepiscopo,
1132 1359 1227 1424 nobis
1249 1360 1340 1424 inno-

73 1469 134 1550 tuit,
157 1468 257 1551 quod,
282 1490 355 1533 cum
378 1489 436 1551 pro
459 1487 540 1550 pace
563 1466 648 1528 inter
670 1464 888 1530 venerabilem
911 1465 1046 1531 fratrem
1069 1472 1217 1532 nostrum
1232 1465 1341 1530 Picta·

73 1595 188 1638 rensem
213 1576 421 1658 episcopum²
445 1579 478 1638 et
499 1571 642 1637 nobilem
668 1571 773 1635 virum
796 1570 835 1635 R.
862 1573 1013 1637 comitem
1036 1572 1263 1638 Pictavensem
1291 1593 1340 1637 re-

73 1679 229 1744 formanda
253 1682 404 1761 venisset,
429 1701 449 1744 a
471 1679 721 1763 praedecessore
751 1683 818 1759 tuo,
850 1677 952 1743 frater
975 1679 1231 1765 archiepiscope,
1265 1686 1341 1744 eta

73 1787 159 1867 robis,
183 1786 305 1851 fratres
329 1787 472 1870 episcopi
495 1793 529 1851 et
552 1785 687 1851 abbates
712 1790 811 1866 atque
841 1786 990 1867 praelati,
1019 1786 1195 1851 honorifice
1223 1787 1285 1851 fuit
1308 1792 1341 1851 et

74 1893 172 1958 devote
196 1900 351 1976 receptus
375 1894 469 1975 eique
493 1913 621 1958 omnem
643 1891 859 1956 reverentiam
887 1897 919 1956 et
942 1891 1098 1958 honorem
1124 1894 1258 1976 primati
1286 1892 1340 1956 de-

74 1999 162 2063 bitum
186 2000 360 2064 curavistis
379 1999 546 2063 humiliter
564 1998 727 2063 exhibere.
769 1998 910 2063 Proinde
933 2000 1180 2064 universitatem
1198 2004 1340 2062 vestram

74 2105 105 2169 de
124 2108 245 2170 virtute
277 2104 481 2171 obedientiae
505 2104 767 2169 commendantes
794 2125 853 2187 per
876 2106 1056 2194 apostolica
1086 2107 1209 2189 scripta
1231 2127 1340 2170 mone-

73 2233 130 2276 mus
152 2213 313 2277 attentius
338 2223 370 2276 et
393 2211 596 2292 mandamus²
629 2212 792 2293 quatinuS,
825 2212 908 2275 sicut
931 2211 1014 2276 bene
1036 2213 1219 2296 incepistiS,
1252 2213 1341 2276 etin

73 2319 296 2402 archiepiscopi
320 2324 353 2383 et
376 2317 531 2382 ecclesiae
554 2317 769 2382 Bituricensis
793 2318 962 2383 devotione
994 2323 1026 2381 et
1057 2319 1242 2383 obedientia
1266 2338 1339 2382 con-

74 2425 181 2489 sistatis
214 2431 259 2506 et,
284 2446 357 2489 cum
380 2424 472 2487 illum
495 2422 700 2488 trahentibus
732 2425 870 2506 negotiis
895 2424 1122 2490 ecclesiasticis
1152 2425 1340 2509 primatiam

73 2532 188 2596 usitare
225 2531 407 2613 contigerit,
437 2532 466 2594 ei
489 2537 558 2595 tam
581 2531 615 2594 in
647 2531 932 2613 procurationibus
953 2553 1060 2612 *quam
1082 2531 1116 2594 in
1144 2531 1217 2595 aliis
1240 2531 1339 2596 hono-

73 2657 128 2701 rem
149 2647 321 2720 tamquam
344 2637 477 2720 primati
508 2642 616 2701 vestro
649 2643 682 2700 et
713 2638 930 2701 reverentiam
960 2637 1104 2702 debitam
1132 2638 1339 2721 impendatis²

74 2743 110 2806 ite
130 2745 217 2826 quod
242 2743 281 2808 de
304 2749 414 2808 vestra
437 2743 607 2808 devotione
631 2744 751 2808 certior
773 2742 832 2807 fiat
851 2745 936 2808 etin
954 2744 1205 2809 necessitatibus
1224 2746 1340 2809 vestris

74 2847 214 2915 libentius
239 2855 272 2914 et
295 2849 459 2914 efficacius
484 2850 602 2915 debeat
619 2850 711 2915 vobis
730 2848 873 2914 favorem
893 2871 987 2914 suum
1006 2856 1105 2934 atque
1124 2851 1340 2934 patrocinium

74 2955 231 3038 impertiri.
278 2955 402 3021 Datum
425 2955 575 3021 Veronae
598 2956 670 3051 ΠΠ
692 2956 802 3022 Nonas
821 2956 942 3020 Martii.

75 3240 148 3310 384.
178 3246 316 3306 Wbauus
339 3246 390 3305 III
406 3242 551 3323 fratribus
572 3242 899 3305 Maioris-'murostero'r‘
923 3245 1024 3304 sartha
1047 3245 1251 3319 depraedatis,
1275 3266 1340 3305 uca-

169 3354 279 3426 e‘oreru,
313 3373 404 3430 quara
430 3354 465 3411 tu
487 3349 610 3409 munitio
632 3349 830 3411 Latoroueusr'
851 3358 1002 3412 statutruu
1019 3352 1072 3424 stt,
1104 3370 1266 3412 aunuum
1289 3353 1339 3412 ho-

169 3461 294 3519 rar'ucuu
316 3466 342 3518 et
364 3460 602 3536 equitaturarum
624 3458 664 3517 ad
685 3467 788 3516 aarum
811 3461 944 3518 ecelesias
966 3458 1183 3518 adducentibua

168 3578 241 3634 Bibl.
260 3583 319 3632 nat.
338 3577 425 3632 Paris.
448 3595 499 3632 me.
523 3576 688 3631 laureare.
716 3576 763 3632 fol.
784 3579 843 3632 192.
874 3577 1030 3649 Descripsit
1047 3577 1175 3632 Martene
1198 3594 1233 3631 ex

610 3665 790 3736 autographo.

149 3806 302 3872 Urbanus
332 3809 636 3891 episcopusservus
661 3829 825 3873 servorum
848 3808 912 3872 Dei
944 3807 1069 3872 dilectis
1099 3807 1176 3873 filiis
1208 3808 1515 3883 abbati³1186-87

75 3914 101 3971 et
119 3911 272 3978 fratribus
296 3915 430 3980 Maioris
454 3915 643 3979 monasterii
674 3916 709 3978 in
739 3914 931 3980 obedientiis
960 3920 994 3978 et
1014 3916 1213 3998 prioratibus
1236 3915 1339 3997 ipsius
1380 3913 1453 3988 Apr.
1466 3914 1494 3971 9.

75 4020 249 4085 nonasterii
272 4022 456 4086 constitutis
480 4021 620 4085 salutem
648 4025 681 4084 et
709 4021 921 4103 apostolicam
944 4021 1211 4090 benedictionem.
1259 4018 1338 4085 Cum

75 4119 164 4190 felicis
186 4129 361 4192 memoriae
384 4128 571 4192 Alexander
602 4127 834 4211 praedecessor
860 4133 971 4193 noster
999 4130 1166 4211 episcopos
1196 4133 1228 4192 et
1258 4129 1339 4218 alios

76 4230 270 4299 ecclesiarum
293 4234 456 4317 praelatos
481 4235 627 4299 audisset
659 4233 788 4316 saepius
817 4234 970 4299 ecclesias
998 4234 1164 4300 hominum
1194 4239 1227 4298 et
1249 4235 1339 4316 equi-

76 4339 243 4404 taturarum
266 4361 400 4406 numero
423 4341 636 4407 immoderato
659 4361 805 4423 gravare,
830 4362 903 4405 cum
927 4341 1058 4406 easdem
1087 4340 1240 4405 ecclesias
1264 4341 1339 4404 visi-

77 4442 185 4529 tabant,
210 4453 333 4512 certum
356 4448 486 4512 modum
510 4447 670 4530 episcopis
694 4451 728 4510 et
750 4446 823 4510 aliis
846 4447 1002 4531 praelatis
1025 4449 1060 4510 in
1086 4447 1223 4512 concilio
1241 4447 1338 4512 Late-

152 4623 338 4680 ¹Guilielma
412 4625 422 4655 ²
441 4623 600 4680 Guilielmo.
675 4623 685 4654 ³
704 4624 841 4680 Hcrvaeo.
