3296 5178
270 271 311 332 46
634 281 830 334 Annxnnnnr
849 295 873 334 11
892 293 1060 336 nrrsronnu
1079 281 1120 334 91.
1150 281 1184 333 92

128 455 212 512 1064
268 446 429 526 legitimos
454 465 488 507 se
511 442 649 526 protulit
672 463 789 522 annon,
823 448 915 505 extra
948 463 1041 505 suam
1072 441 1304 505 conscientiam
1332 463 1352 504 a
1375 446 1468 524 patre
1493 461 1557 523 pro

94 564 122 618 P·
135 543 207 617 APP·
221 545 248 601 4·
269 551 381 616 eodem
405 550 482 614 data
505 550 652 631 pecunia.
692 547 777 629 Quia
796 569 871 612 vero
890 548 1036 612 Romane
1056 547 1223 628 aecclesie,
1249 553 1286 611 ut
1304 549 1373 630 ipse
1393 547 1557 628 multique

269 680 342 721 curn
366 678 404 721 eo
427 656 650 736 testabantur,
684 661 799 737 sponte
833 676 867 719 se
891 675 1048 719 accusans
1072 655 1183 736 paruit
1210 656 1339 735 nuntio,
1372 655 1478 717 visum
1504 660 1558 718 est

269 764 374 844 nobie,
398 762 621 827 misericordia
645 767 789 842 cogente,
814 763 883 825 eius
907 761 1084 823 humilitati
1103 762 1155 842 pie
1175 761 1432 825 condescendere
1452 765 1555 842 atque

269 870 405 954 pristine
429 870 580 951 dignitati
612 889 670 951 per
696 874 866 932 nostram·
898 868 1124 932 reinvestitura
1153 866 1450 932 confirmationemb
1474 888 1556 930 eun-

271 977 343 1041 dem
375 976 560 1040 Froterium
593 976 776 1038 restituere.
830 975 1044 1038 Reddidimus
1078 994 1153 1054 ergo
1190 974 1252 1038 sibi
1285 974 1336 1038 die
1368 974 1556 1056 palmarum

270 1084 404 1148 anulum
428 1089 460 1146 et
484 1084 689 1166 episcopatus
714 1081 876 1145 baculum.

270 1425 326 1490 91.
360 1427 523 1485 Alcnnndcr
546 1425 581 1482 H
599 1424 866 1483 Mediolanensibus
891 1425 1051 1498 (cononicis
1064 1425 1088 1498 ,9)
1118 1423 1269 1498 respondet
1291 1424 1325 1481 dc
1347 1424 1555 1496 scendotibnS,

359 1552 378 1590 a
406 1533 528 1594 Widonc
550 1531 762 1605 archiepiscopo
785 1531 820 1588 nb
844 1530 943 1605 officio
966 1530 1126 1604 romensis.

360 1651 428 1706 Ooll.
449 1652 516 1705 Brit.
535 1651 615 1704 Alex.
636 1667 677 1720 ep.
694 1651 735 1716 25,
755 1649 785 1702 in
803 1647 861 1702 cod.
873 1648 946 1701 Mus.
958 1648 1026 1701 Brit.
1037 1647 1109 1701 Add.
1120 1649 1191 1702 8873
1210 1666 1231 1702 s.
1242 1661 1290 1701 xri
1308 1648 1345 1702 in.
1366 1648 1412 1702 fol.
1423 1649 1479 1702 421‘.

156 1832 250 1890 1054,
359 1812 636 1884 Mediolanensis⁰
679 1810 877 1891 Inquisitum
905 1814 956 1872 est
983 1831 1003 1872 a
1027 1808 1223 1890 quibusdam
1245 1809 1405 1890 religiosis
1429 1809 1555 1874 Medio·
1645 1829 1646 1832 ’

269 1918 469 1999 lanensibus,
494 1917 580 1999 quod
605 1922 716 1980 sancte
741 1916 916 1999 apostolice
946 1915 1014 1978 sedi
1043 1915 1207 1978 videretur
1235 1936 1333 1998 super
1356 1915 1421 1979 illis
1446 1937 1555 1980 sacer-

272 2025 416 2105 dotibus,
447 2046 527 2106 quos
551 2022 746 2087 venerabilis
772 2020 935 2086 confrater
958 2028 1068 2085 noster
1091 2021 1189 2086 Wido
1219 2023 1480 2106 archiepiscopus
1511 2024 1555 2086 ab

271 2131 377 2196 officio
407 2131 584 2214 suspendit.
633 2128 758 2210 Quibus
789 2129 942 2191 nimirum
970 2129 1086 2192 merito
1115 2129 1340 2193 consulentesd
1373 2130 1557 2212 apostolica
1645 2197 1646 2210 ,

272 2239 466 2303 auctoritate
498 2238 708 2321 precipimus,
743 2241 779 2298 ut
803 2235 850 2298 sie
874 2234 902 2297 ei
927 2235 1058 2298 obedire
1083 2235 1249 2316 studeant,
1279 2236 1556 2317 quemadmodum
1645 2229 1646 2240 ¹

271 2345 367 2410 beato
390 2345 489 2409 Petro
513 2344 734 2427 apostolorum
753 2341 902 2424 principi,
928 2341 983 2422 qui
1002 2363 1105 2422 usque
1124 2343 1157 2405 in
1181 2340 1278 2405 finem
1298 2343 1398 2406 seculi
1424 2343 1457 2405 in
1482 2365 1556 2406 suc·

272 2451 453 2515 cessoribus
479 2452 545 2514 suis
569 2449 723 2533 presidet,
748 2448 1001 2530 qualescumque
1026 2447 1156 2530 fuerint,
1181 2449 1312 2514 obedire
1337 2449 1491 2513 studebit.

273 2790 333 2856 92.
362 2793 524 2852 Alexander
538 2792 573 2850 H
587 2793 712 2851 Gircrdo
727 2793 857 2866 episcopo
872 2793 1003 2863 mandat,
1028 2798 1061 2850 nt
1078 2793 1289 2868 presbyteram,
1315 2792 1367 2868 qni
1381 2811 1450 2850 onrn
1463 2811 1557 2850 nnorc
1583 2849 1585 2858 ,

356 2900 454 2974 patris
476 2899 640 2975 fornicatos
663 2899 716 2970 sit,
741 2917 759 2955 n
782 2899 874 2956 sceris
902 2899 1056 2956 ordinibus
1078 2904 1233 2970 renonent,
1257 2899 1307 2956 sed
1329 2899 1363 2957 in
1386 2899 1558 2956 minoribns
1645 2913 1646 2976 l

358 3006 498 3080 prndibns
512 3024 685 3080 parmanere
707 3024 775 3063 enno
798 3005 886 3064 sinat
1051 3089 1052 3093 Ἰ

621 3124 690 3178 Ooll.
709 3125 776 3210 Brit.
796 3124 875 3178 Alex.
896 3141 938 3195 ep.
959 3124 1002 3190 26,
1020 3123 1039 3177 l.
1059 3124 1076 3176 l.
1096 3123 1143 3177 fol.
1163 3124 1206 3177 43.

160 3298 254 3357 1064,
365 3283 504 3364 Girardo
529 3285 706 3367 episcopo.1
751 3283 989 3364 Presbiternm,
1024 3305 1119 3365 quem
1152 3285 1328 3367 apostolice
1361 3283 1446 3348 sedis
1480 3306 1556 3349 exa-

275 3392 354 3454 mini
376 3389 585 3453 iudicandum
609 3389 796 3454 fraternitas
819 3396 877 3453 tua
901 3391 1032 3470 direxit,
1067 3390 1143 3471 quia
1167 3391 1270 3472 patris
1294 3390 1438 3470 thorum,
1473 3391 1556 3473 proh

276 3497 376 3577 dolor,
401 3495 541 3560 nefanda
565 3495 777 3560 fornicatione
801 3496 931 3578 sedavit,
956 3498 1046 3578 prius
1066 3497 1201 3560 asacris
1218 3495 1402 3560 ordinibus⁸
1427 3497 1555 3580 deponi,

226 3616 228 3620 ’
277 3602 392 3666 deinde
416 3623 491 3666 vero
505 3602 612 3665 iuxtaf
634 3623 793 3666 canonum
811 3604 893 3666 scita
906 3604 1084 3686 penitentie
1108 3623 1275 3666 censemus
1292 3601 1441 3668 ‘dominio
1465 3627 1555 3668 man-

276 3710 392 3792 cipari3
424 3709 646 3794 misericordia
674 3714 783 3772 tamen
807 3709 892 3790 flexi,
917 3730 1106 3791 permanere
1131 3709 1260 3771 eumin
1288 3710 1466 3774 minoribus
1491 3734 1555 3776 nou

276 3816 485 3900 prohibemus
509 3814 674 3896 gradibus,
699 3836 759 3877 nec
783 3816 1027 3879 communione⁸
1052 3814 1200 3877 iubemus
1224 3816 1356 3896 privari,
1380 3838 1420 3880 ne
1443 3818 1477 3880 in
1502 3818 1555 3882 de·
1645 3825 1646 3878 ἰ

277 3923 495 4006 sperationem
520 3921 670 3985 omninoh
693 3921 824 3984 labatur
848 3922 907 3984 sui.
951 3919 1084 4004 Semper
1108 3923 1194 3984 enim
1217 3923 1381 3986 reminisci
1401 3922 1556 3988 debemus

202 4109 209 4124 .
277 4030 488 4112 fragilitatem
512 4029 544 4090 in
569 4027 664 4108 aliisi,
690 4049 754 4108 qua
777 4027 947 4107 trahimur,
973 4029 1089 4090 carnis.

365 4214 477 4257 anostre
495 4211 547 4258 eod.
567 4211 644 4255 aliena
663 4225 745 4255 arianus
763 4212 859 4256 mutauit
877 4212 901 4255 in
920 4213 1037 4256 nostram.
1092 4205 1339 4272 brodeammanns
1347 4215 1510 4272 serpet-scripsit
1524 4217 1555 4260 et.
1645 4223 1646 4226 ’

277 4306 287 4329 ⁰
306 4302 440 4360 Inscriptio,
459 4301 506 4346 sinc
525 4300 594 4345 dnbio
613 4299 707 4355 nzertila,
731 4299 861 4357 supplenda
882 4289 1122 4345 oidedrn·'ean011icis
1147 4298 1265 4346 ecelesiae
1290 4299 1355 4348 Med.
1447 4297 1459 4327 ‘¹
1478 4304 1558 4348 rrrrlius

713 4365 720 4403 l

274 4428 381 4490 placeret
399 4422 593 4470 consulentibus.
667 4421 788 4468 ‘ditibus
806 4423 831 4468 in
849 4425 900 4470 eorl.
918 4431 972 4483 post
989 4439 1105 4470 rasuram.
1170 4419 1180 4449 f
1195 4423 1263 4471 iusta
1280 4441 1300 4471 o.
1365 4429 1441 4472 eiam
1461 4429 1485 4472 iu
1504 4427 1556 4473 cod.

277 4523 403 4562 correctam
421 4529 448 4559 en
467 4525 606 4560 commune.
676 4504 687 4536 ¹¹
706 4510 790 4557 omino
809 4529 828 4559 c.
897 4507 903 4538 l
922 4511 949 4558 in
969 4511 1026 4558 aliis
1044 4513 1122 4558 alienia
1140 4515 1253 4560 manain
1270 4516 1374 4573 mar-yion
1391 4524 1424 4561 cst
1442 4516 1556 4562 additum.

369 4616 378 4645 ¹
397 4613 592 4668 Tricastinensi
611 4612 750 4682 simulque
760 4613 940 4679 Arausicano,
958 4612 991 4667 cf.
1002 4613 1022 4668 J
1024 4613 1075 4668 affe
1092 4613 1134 4667 ed.
1144 4614 1230 4683 princ.
1241 4614 1409 4682 3481,3482.
1429 4615 1557 4686 (Euald.)
