3336 5184
485 294 677 348 Anaxaxnm
696 307 732 347 111
752 309 920 350 amaxonas
939 298 991 353 269
1314 287 1374 348 153

97 454 226 536 penitus
250 452 442 516 inconsultis
465 452 596 535 homini,
629 455 680 518 cui
703 455 836 537 placuit,
865 479 930 522 non
954 459 1005 522 cui
1029 439 1152 541 decuit,
1176 461 1530 543 assignasti.11178in.

97 560 144 623 De
172 558 320 642 generali
347 559 478 640 quidem
508 560 712 626 institutione
745 563 900 627 ecclesiae
930 567 1270 632 excommunicationis
1306 589 1375 632 sen-

96 668 197 732 tentie
223 665 429 746 subiacebat,
463 665 541 748 quia
572 689 637 732 non
661 667 765 732 solum
788 670 822 732 in
846 670 980 735 clericos
1008 672 1166 736 violentes
1190 694 1305 737 manus
1328 675 1375 737 in-

96 776 229 854 iecerat,
253 793 366 836 verum
389 773 489 836 etiam
512 773 680 856 episcopos
700 781 733 838 et
748 774 884 839 abbates
902 777 1003 842 multe
1021 778 1186 860 religionis
1210 785 1244 842 et
1266 786 1375 845 aucto·

96 881 203 944 ritatis
239 879 370 962 capiens
400 879 643 963 mancipaverat
674 871 826 945 custodie
852 885 1022 964 carcerali;
1057 907 1194 967 quorum
1227 907 1310 950 unus
1342 887 1376 950 in

7 1037 8 1072 ,
96 988 164 1051 eius
189 986 380 1068 captivitate
405 985 575 1050 defunctus
600 991 662 1068 est,
694 1007 752 1068 per
776 1009 872 1069 quem
895 989 984 1054 Deus
1014 997 1052 1054 ut
1073 991 1255 1056 audivimus
1278 993 1375 1057 mira-

7 1099 8 1102 ’
97 1095 168 1158 cula
193 1093 303 1175 sepius
327 1097 489 1176 operatur.
536 1092 602 1158 Pro
625 1092 675 1156 his
699 1099 808 1156 tamen
832 1116 896 1159 non
920 1097 1132 1178 cessavimus,
1164 1097 1242 1178 quin
1270 1097 1374 1180 prefa-

95 1202 136 1265 tis
154 1199 282 1280 GreciS,
307 1200 390 1263 sicut
413 1206 523 1264 nostro
543 1205 575 1263 et
597 1205 654 1264 tuo
677 1199 792 1264 honori
815 1200 953 1265 vidimus
973 1201 1135 1285 expedire,
1156 1205 1375 1268 curaverimus

96 1307 228 1372 obviare
262 1312 294 1369 et
324 1305 592 1388 impedimentum
625 1305 764 1388 amplius
787 1307 1007 1390 pertulissent,
1035 1309 1098 1373 nisi
1121 1315 1157 1372 tu
1185 1311 1253 1392 ipse
1281 1310 1374 1376 nobis

97 1412 316 1478 subtraxisses
348 1412 442 1493 vires,
476 1413 560 1476 sicut
591 1434 650 1495 per
681 1413 746 1476 iam
780 1412 901 1476 dictum
934 1414 970 1479 Τ.
996 1415 1122 1498 plenius
1154 1437 1372 1498 recognosces

7 1577 8 1590 ,
95 1520 263 1602 Rogamus
285 1518 396 1600 itaque
421 1519 629 1582 serenitatem
652 1525 744 1582 tuam
767 1521 923 1584 attentius
948 1528 1188 1586 commonentes
1217 1529 1249 1587 et
1271 1524 1374 1589 modis

97 1627 215 1709 quibus
238 1646 409 1707 possumus
434 1624 653 1707 exhortantes,
678 1627 832 1712 quatinus
856 1648 983 1692 omnem
1006 1629 1177 1692 materiam
1202 1630 1374 1695 detractio-

96 1733 145 1796 nis
170 1737 203 1795 et
222 1731 419 1814 suspitionis,
440 1737 598 1813 quantum
617 1733 650 1795 in
674 1739 706 1796 te
730 1738 789 1814 est,
810 1732 941 1796 studeas
961 1755 1119 1816 amovere,
1143 1737 1217 1818 paci
1240 1738 1373 1802 ecclesie
1477 1779 1480 1786 ⁴

95 1846 127 1903 et
150 1838 288 1921 imperii,
313 1858 396 1918 quae
419 1837 605 1902 necessaria
628 1844 678 1902 est
701 1838 885 1922 admodum,
909 1862 974 1905 non
991 1841 1047 1904 uni
1071 1846 1199 1906 tantum
1223 1849 1272 1907 set
1294 1845 1373 1907 utri-

96 1966 158 2028 que
182 1943 343 2008 ferventer
365 1943 526 2026 intendas,
551 1945 704 2026 quatinus
728 1967 799 2028 nos,
827 1947 911 2010 sicut
932 1946 1155 2030 desideranter
1182 1951 1373 2032 recepimus,
1474 1975 1476 1980 ¹

95 2053 142 2115 ita
165 2051 265 2115 etiam
287 2049 358 2130 tibi,
381 2047 448 2114 filio
471 2054 539 2128 tuo,
563 2050 764 2134 principibus
779 2052 928 2117 omnibus
943 2059 1011 2118 tam
1029 2055 1256 2120 ecclesiasticis
1276 2078 1373 2137 quam

7 2145 8 2160 ¹
94 2156 268 2221 mundanis
301 2177 429 2220 servare
462 2177 589 2239 semper
621 2158 767 2222 volumus
801 2165 833 2223 et
860 2166 1009 2243 optamus
1038 2167 1071 2225 61
1103 2161 1269 2226 advocatis
1300 2184 1373 2245 per-

95 2263 192 2330 sonis,
216 2283 276 2345 per
295 2284 376 2344 quas
390 2285 455 2347 pax
478 2269 527 2327 est
544 2264 630 2327 inter
647 2287 706 2329 nos
726 2271 857 2331 auctore
873 2267 1013 2332 Domino
1032 2267 1218 2351 reformata,
1238 2253 1271 2332 61
1289 2269 1372 2350 aliis,

96 2371 123 2433 si
145 2369 265 2434 videris
290 2369 504 2452 advocandos,
529 2391 591 2452 que
614 2372 775 2455 promissa
794 2378 870 2436 sunt
889 2374 1050 2456 compleas
1070 2379 1103 2438 et
1125 2397 1188 2457 qua
1212 2375 1372 2459 completa

96 2481 172 2540 sunt
194 2473 425 2540 inviolabiliter
444 2497 508 2540 non
526 2477 671 2559 negligas
691 2478 872 2543 observare.
917 2478 983 2544 Nos
1007 2481 1093 2545 enim
1116 2481 1372 2564 magnitudinem

94 2589 184 2646 tuam
207 2581 358 2646 nolumus
382 2571 541 2664 dubitare,
558 2583 644 2665 quod
657 2584 772 2650 honori
789 2591 845 2651 tuo
860 2592 893 2650 et
906 2586 1034 2669 imperii
1053 2609 1189 2671 semper,
1214 2595 1371 2671 quantum

94 2689 182 2753 Deus
213 2687 349 2769 dederit,
382 2688 472 2753 iuxta
504 2691 608 2754 nostri
631 2689 729 2755 officii
753 2691 897 2756 debitum
927 2693 1146 2776 intendemus
1179 2695 1256 2759 licet
1279 2701 1373 2778 pater

91 2796 273 2862 communis
298 2815 337 2858 ex
360 2794 466 2860 officio
490 2797 633 2860 omnium
655 2798 782 2862 litteras
812 2803 844 2861 61
870 2799 1001 2864 nuntios
1029 2801 1173 2883 recipere
1197 2801 1371 2866 debeamus

91 2909 126 2968 et
146 2903 242 2966 iuxta
265 2901 457 2983 qualitatem
476 2904 635 2967 mittentis
659 2909 691 2967 61
714 2905 804 2969 missi
829 2925 893 2985 eos,
914 2907 970 2987 qui
989 2906 1030 2970 ad
1049 2914 1195 2972 nostram
1215 2908 1372 2973 accedunt

90 3009 322 3092 praesentiam,
347 3013 557 3090 pertractare.

90 3261 182 3327 269.
206 3227 370 3320 Alexander
391 3261 444 3320 ΙΠ
461 3281 479 3320 a
501 3263 644 3339 frotetus
666 3263 792 3322 Maioris
814 3265 988 3324 monosterii
1010 3265 1099 3324 laicos
1126 3267 1252 3325 decim
1279 3273 1369 3326 ector·

203 3387 288 3444 quere
310 3375 390 3427 octat.

200 3485 272 3541 Bibl.
287 3493 343 3542 nat.
354 3487 441 3542 Paris.
461 3490 487 3558 1)
506 3505 558 3542 ms.
577 3489 625 3544 lat.
637 3490 723 3544 12776
743 3507 763 3544 s.
774 3504 845 3544 xvn
861 3490 907 3545 fol.
919 3489 971 3546 208
977 3509 984 3557 3
1004 3491 1030 3559 2)
1049 3507 1100 3545 ms.
1113 3491 1162 3545 lat.
1177 3493 1263 3547 12879

370 3575 418 3631 fol.
439 3577 498 3632 150.
529 3578 683 3648 Descripsit
701 3579 828 3634 Martene
847 3596 881 3633 ex
900 3579 1080 3650 autographo.

179 3717 367 3782 Alexander
390 3719 560 3802 episcopus
584 3742 695 3785 servus
719 3741 885 3786 servorum
903 3721 966 3786 Dei
989 3722 1115 3787 dilectis
1139 3721 1214 3788 filiis
1237 3724 1368 3788 abbati2
1409 3734 1492 3793 1178

89 3832 124 3890 61
147 3824 290 3907 capitulo
305 3825 439 3890 Maioris
453 3828 641 3892 monasterii
656 3827 793 3891 salutem
808 3833 841 3891 61
864 3828 1076 3910 apostolicam
1099 3829 1365 3895 benedictionem.
1384 3823 1456 3898 APP·
1469 3826 1520 3882 22·

90 3931 173 3997 Cum
193 3931 321 3996 omnino
341 3932 384 3996 sit
405 3932 557 3997 indecens
581 3940 614 3998 et
637 3935 833 3999 contrarium
856 3936 985 4016 rationi,
1010 3940 1047 3998 ut
1065 3935 1141 3999 laici
1165 3936 1305 4001 debeant
1327 3937 1368 4000 ab

90 4038 257 4121 aliquibus
290 4039 408 4103 nedum
436 4041 555 4104 aviris
585 4041 745 4123 religiosis
774 4041 918 4122 recipere
948 4041 1103 4124 decimas,
1136 4042 1369 4125 providendum

90 4145 185 4210 nobis
205 4150 264 4226 est,
288 4165 412 4226 nevos,
438 4146 493 4227 qui
513 4145 572 4238 sub
591 4146 756 4228 religionis
776 4147 890 4232 liabitu
908 4155 1038 4229 gratum
1057 4149 1216 4212 exhibetis
1229 4147 1368 4213 Domino

90 4251 298 4332 famulatum,
324 4252 491 4316 exactione
515 4250 714 4315 decimarum
738 4254 870 4336 possitis
898 4275 917 4317 a
945 4254 1037 4318 laicis
1066 4253 1206 4336 fatigari.
1244 4255 1368 4338 Eapro-

87 4362 172 4440 pter,
207 4357 317 4421 dilecti
340 4359 374 4421 in
397 4357 536 4422 Domino
566 4356 635 4438 lilii,
668 4360 784 4424 vestris
816 4361 911 4424 iustis
928 4384 931 4392 ·
943 4360 1217 4445 postulationihus
1239 4367 1368 4443 gratum

179 4535 188 4564 ¹
206 4534 335 4589 Conrado
354 4535 388 4588 de
407 4534 599 4603 Luetzelhard,
618 4535 651 4590 cf.
671 4535 779 4604 Ficker,
798 4537 910 4593 Forsch.
930 4555 953 4590 z,
972 4537 1155 4592 111111θί6111-
1169 4537 1367 4610 undRechtsg.

88 4623 130 4676 II.
150 4624 210 4677 253.
285 4623 449 4678 'Hervaeo
