3284 5184
289 241 352 304 266
386 243 387 248 ’
636 255 821 312 Connasrnu
838 247 1060 311 m'nrmuonnn
1077 257 1139 311 423.
1158 257 1212 310 424

177 412 259 471 1197
289 416 497 499 approbatas,
522 415 606 479 sicut
624 421 769 499 tempore
787 415 1053 499 predecessorum
1075 423 1205 482 tuorum
1229 423 1354 482 servate
1377 422 1573 497 noscuntur,

169 502 269 562 Maiss·
288 529 378 587 ratas
401 521 515 587 haberi
539 521 740 587 decernimus
764 529 797 586 et
815 522 1045 589 inviolabiliter
1068 522 1243 604 observari,
1273 522 1369 587 salvis
1388 523 1575 606 privilegiis

289 637 322 695 et
344 630 431 695 omni
453 630 524 694 iure
544 629 688 694 eiusdem
707 635 740 694 et
752 616 1006 694 Ierosolimitani
1019 629 1200 713 hospItalis.
1237 628 1327 693 Nulli
1346 650 1421 712 ergo
1437 630 1574 694 omnino

287 737 453 801 hominum
474 734 582 817 liceat,
606 735 691 799 hanc
715 736 830 799 statuti
853 737 956 801 nostri
979 737 1133 819 paginam
1155 735 1339 818 infringere·
1354 736 1404 800 vel
1428 736 1459 800 ei
1487 757 1575 799 ausu

287 843 461 907 temerario
485 842 657 907 contraire.
705 841 740 906 Si
764 843 836 924 quis
860 849 970 907 autem
997 842 1058 907 hoc
1082 848 1279 926 attemptare
1302 843 1573 925 praesumpserit,

287 949 543 1032 indignationem
568 949 797 1031 omnipotentis
820 947 882 1014 Dei
906 955 940 1013 et
962 948 1133 1014 beatorum
1151 949 1243 1014 Petri
1267 955 1300 1015 et
1318 949 1415 1013 Pauli
1438 955 1575 1032 aposto-

287 1055 392 1121 lorum
416 1057 485 1119 eius
510 1076 543 1120 se
567 1054 693 1120 noverit
715 1054 929 1120 incursurum.
968 1054 1092 1120 Datum
1105 1054 1263 1120 Laterani
1276 1054 1361 1120 VIII
1379 1054 1459 1120 Idus
1477 1055 1574 1135 Maii,

287 1160 497 1245 pontificatus
520 1161 624 1226 nostri
648 1182 732 1226 anno
757 1163 904 1244 septImo.

288 1433 376 1499 423.
388 1419 390 1423 ,
404 1434 583 1493 Coelastiaus
605 1433 657 1492 III
675 1434 710 1492 ab
733 1433 832 1492 abbate
854 1434 1078 1492 Rtbomorctcasc'
1096 1435 1285 1493 benedicendo
1301 1434 1496 1510 palafredum
1520 1453 1576 1492 seu

399 1560 523 1617 coppam
546 1541 671 1599 sulcam
693 1559 746 1599 sea
768 1541 889 1616 aliquod
911 1541 997 1600 aliud
1018 1541 1096 1616 culpi
1117 1547 1199 1600 cetat.

394 1660 493 1716 ratur.
504 1665 561 1714 nat.
572 1658 927 1714 Pariachartnuomont.
937 1678 959 1714 s.
969 1673 1038 1714 xm.
1050 1660 1107 1715 nn.
1116 1661 1185 1716 1015
1196 1629 1223 1731 1)
1233 1661 1280 1715 ror.
1291 1663 1325 1716 55
1335 1666 1364 1716 a
1373 1661 1400 1730 2)
1411 1661 1468 1716 aar.

169 1818 252 1876 1197
378 1801 559 1867 Celestinus
584 1801 753 1884 episcopus
778 1823 888 1866 servus
913 1823 1077 1886 servorum
1096 1802 1158 1868 Dei
1182 1803 1308 1868 dilectis
1332 1802 1408 1867 filiis
1432 1825 1573 1869 conven-

157 1908 227 1967 Dec·
240 1909 268 1965 6-
288 1911 337 1974 tui
361 1910 465 1974 sancti
479 1907 629 1972 Nioholai
648 1907 687 1975 de
700 1906 830 1971 Pratis1
854 1907 993 1972 salutem
1017 1915 1050 1974 et
1068 1911 1281 1993 apostolicam
1300 1909 1572 1976 benedictionem.

288 2014 370 2080 Cum
389 2037 409 2080 a
426 2013 521 2082 nobis
539 2015 672 2097 petitur,
697 2013 784 2095 quod
807 2014 929 2078 iustum
948 2021 999 2078 est
1017 2021 1051 2080 et
1072 2016 1254 2098 honestum,
1274 2021 1342 2079 tam
1365 2016 1457 2098 vigor
1480 2018 1573 2099 equi·

287 2124 366 2187 tatis
390 2144 488 2204 quam
512 2121 590 2186 ordo
610 2121 711 2203 exigit
728 2121 874 2202 rationis,
894 2126 932 2184 ut
949 2121 983 2185 id
1001 2143 1060 2205 per
1079 2123 1330 2189 sollicitudinem
1350 2121 1448 2186 officii
1467 2124 1573 2188 nostri

288 2229 330 2294 ad
355 2228 500 2293 debltum
522 2228 721 2311 perducatur
744 2227 902 2292 effectum.
941 2227 1134 2311 Eapropter‚
1164 2229 1274 2293 dilecti
1292 2229 1326 2292 in
1335 2227 1476 2294 DomIno
1502 2229 1572 2310 filii,

287 2337 404 2401 vestris
427 2335 522 2399 iustis
546 2334 821 2418 postulationibus
845 2340 938 2417 grato
962 2341 1191 2399 concurrentes
1215 2357 1350 2400 assensu
1373 2336 1572 2400 auctoritate

288 2442 467 2525 apostolica
500 2441 560 2505 sub
594 2441 935 2506 excommunicationis
968 2462 1052 2523 pena
1085 2441 1265 2506 districtius
1297 2440 1497 2523 inhibemus,
1531 2463 1572 2505 ne

288 2550 361 2632 quis
381 2549 422 2613 ab
442 2549 544 2612 electo
563 2554 681 2629 vestro,
701 2548 757 2630 qui
776 2570 834 2630 pro
858 2553 1004 2629 tempore
1019 2546 1126 2629 tuerit,
1141 2570 1200 2630 pro
1217 2547 1443 2612 benedictione
1466 2549 1572 2631 ipsius

288 2654 338 2719 vel
360 2677 419 2738 pro
444 2653 631 2718 deducendo
665 2675 722 2718 seu
753 2653 890 2718 locando
923 2675 997 2717 eum
1024 2653 1157 2718 insede
1186 2654 1246 2718 sub
1271 2653 1407 2719 obtentu
1430 2654 1571 2719 alicuius

254 2846 256 2852 Ι
288 2760 529 2826 consuetudinis
562 2759 775 2844 palefridum⁸
807 2781 865 2824 seu
898 2781 1013 2843 capam
1046 2761 1183 2825 sericam
1221 2781 1278 2824 seu
1310 2760 1435 2842 aliquid
1467 2761 1570 2842 aliud,

288 2888 361 2931 cum
394 2867 604 2932 simoniacam
637 2867 744 2950 sapiat
771 2867 975 2949 praestatem,
1001 2867 1129 2949 exigere
1153 2866 1274 2930 audeat
1300 2865 1351 2930 vel
1375 2873 1571 2950 extorquere

287 2979 464 3056 presumat.
519 2973 608 3037 Nulli
640 2995 717 3056 ergo
750 2973 878 3038 omnino
908 2973 1079 3037 hominum
1111 2973 1236 3036 licitum
1259 2973 1311 3053 sit,
1344 2971 1430 3036 hanc
1458 2981 1571 3038 nostre

286 3080 440 3162 paginam
462 3079 664 3144 inhibitionis
688 3078 862 3161 infn'ngere
887 3079 938 3143 vel
958 3080 987 3143 ei
1011 3100 1093 3143 ausu
1116 3079 1288 3143 temerario
1313 3078 1485 3143 contraire.
1536 3078 1571 3143 Si

287 3187 360 3268 quis
385 3191 495 3250 autem
512 3186 573 3250 hoc
593 3190 787 3267 attemptare
800 3187 1043 3268 presumpserIt,
1067 3185 1322 3267 indignationem
1339 3186 1571 3268 omnipotentis

193 3324 195 3329 ·
286 3292 349 3357 Dei
372 3299 405 3357 et
427 3293 598 3357 beatorum
619 3291 711 3356 Petri
735 3297 768 3355 et
790 3290 887 3355 Pauli
914 3291 1135 3375 apostolorum
1159 3293 1228 3356 eius
1252 3313 1287 3356 se
1311 3290 1439 3355 noverit
1460 3291 1569 3355 ineur-

287 3421 408 3463 surum.
454 3397 530 3462 Dat.
555 3397 712 3462 Laterani
730 3396 814 3462 VIII
832 3396 881 3461 Id.
900 3398 1101 3479 Decembris,
1124 3394 1333 3481 pontificatus
1356 3397 1461 3462 nostri
1479 3419 1566 3463 anno

287 3506 433 3589 septimo.

285 3739 375 3806 424.
403 3741 583 3801 coelestinos
601 3739 653 3799 III
670 3740 864 3800 Lirrooloaasa'
882 3760 916 3800 oc
934 3741 1126 3800 Loudorwast'
1149 3747 1175 3799 et
1197 3740 1294 3800 obtati
1317 3740 1350 3798 dc
1364 3739 1415 3798 Br.
1434 3741 1567 3814 maurim,

396 3855 430 3907 at
456 3848 625 3922 epistopam
647 3846 880 3906 Dimdowrasom
910 3866 930 3906 a
960 3847 1166 3906 iurisdictione
1188 3846 1386 3906 Eboroooosis
1417 3847 1568 3920 calmont·

397 3953 649 4030 archiepiscopum
670 3954 752 4012 latro
775 3960 906 4012 octavam
929 3954 952 4012 b.
975 3954 1103 4012 Martiae
1125 3953 1165 4012 od
1189 3971 1250 4011 seso
1272 3953 1353 4012 mitti
1367 3953 1460 4029 jabet.

446 4072 519 4127 Bibl
538 4077 595 4127 nat.
614 4071 700 4126 Paris.
720 4089 771 4126 ms.
790 4072 838 4127 lat.
859 4073 953 4127 16992.
979 4072 1026 4128 fol.
1046 4073 1105 4128 252.
1135 4071 1252 4143 Scripsit
1269 4071 1405 4126 Martene.

101 4233 266 4295 1191-98,
377 4213 578 4280 coelestinus
602 4235 688 4297 papa
710 4211 764 4277 III
786 4213 1026 4302 Lincolniensi2
1049 4220 1082 4279 et
1099 4214 1327 4279 Londonensi³
1350 4215 1512 4298 episcopis
1536 4221 1567 4278 et

287 4321 400 4387 abbati
419 4321 459 4386 de
478 4321 533 4385 Br.
559 4318 640 4385 Cum
664 4341 703 4384 ea
726 4320 765 4386 de
789 4319 945 4385 fratribus
969 4325 1002 4384 et
1025 4321 1224 4405 coepiscopis
1247 4320 1386 4386 nostrisb
1409 4321 1452 4385 ad
1472 4342 1566 4386 aures

374 4499 388 4531 b
406 4502 561 4565 palafridum
580 4500 605 4551 2.
684 4497 697 4529 ¹³
715 4504 845 4562 discripsi
856 4519 903 4562 pro
922 4501 1032 4565 corporis
1049 4502 1128 4551 nostri
1146 4504 1199 4552 cod.

377 4605 387 4634 ¹
405 4605 449 4658 vel
467 4604 687 4659 Ribomontensi.
762 4604 772 4634 ²
790 4603 914 4674 Hugoni.
989 4604 999 4635 ⁸
1017 4604 1165 4659 RIohardo.
