3336 5184
289 293 351 353 148
467 363 470 372 ,
670 306 859 360 Aunxnnnnr
876 319 914 360 111
933 317 1100 359 mercena
1118 304 1170 360 262

111 465 267 525 1174-76
286 465 519 548 compellimur,
543 488 616 531 cum
640 487 679 530 ex
702 463 808 530 officio
829 486 886 530 sno
905 485 1035 548 gregem
1055 464 1250 530 dominicum
1269 464 1332 528 sibi
1358 465 1570 529 commissum

122 557 183 615 1³¹1·
196 555 247 614 17·
287 573 328 636 ad
352 573 519 637 servitium
542 572 772 654 omnipotentis
787 571 850 636 Dei
874 577 906 636 et
925 592 1068 636 amorem
1086 572 1235 636 coelestis
1258 572 1385 654 patriae
1410 569 1570 636 deberent

287 679 419 743 assidua
440 679 664 744 exhortatione
683 677 836 742 inducere
860 683 893 742 et
911 678 1033 743 eisdem
1050 678 1136 742 viam
1156 677 1271 742 salutis
1290 684 1442 742 aeternae
1466 678 1568 743 verbo

287 790 320 848 et
343 784 488 868 exemplo
512 789 704 848 monstrare.
750 783 844 849 Unde
867 783 948 847 illud
971 784 1191 867 evangelicum
1218 784 1297 867 ipsis
1328 790 1415 848 reete
1437 784 1570 848 videtur

288 911 477 972 congruere:
516 895 573 953 Vae
599 895 680 953 cobis
707 896 816 954 saitae
843 901 869 954 et
890 874 1062 970 proruat]
1081 896 1135 972 qui
1162 895 1272 954 tulistis
1298 895 1406 954 elavem
1427 895 1568 954 amantiae

286 1021 338 1060 nee
358 1021 409 1060 cos
431 1002 552 1061 intratis
574 1021 625 1060 nec
646 1002 723 1061 alios
745 1002 857 1061 intrare
872 1001 1070 1078 permittitisl
1116 995 1276 1078 Quoniam
1302 995 1402 1078 igitur
1420 997 1569 1079 negotia-

287 1103 383 1168 tionis
408 1109 458 1168 est
479 1103 541 1168 hoc
564 1109 597 1167 et
610 1104 725 1186 turpis,
741 1103 826 1167 tueri
845 1102 1056 1184 commodum,
1077 1107 1109 1166 et
1128 1102 1170 1167 ab
1190 1102 1411 1166 ecclesiastica
1430 1123 1567 1166 eonsue-

287 1209 398 1273 tudine
421 1210 549 1292 penitus
573 1209 725 1290 alienum,
758 1208 956 1273 fraternitati
987 1214 1113 1272 vestrae
1145 1230 1205 1292 per
1236 1208 1415 1290 apostolica
1443 1209 1569 1292 scripta

286 1315 488 1397 mandamus,
514 1316 665 1396 quatinus
689 1317 723 1379 in
747 1314 877 1399 synodis
900 1315 1039 1397 publicis
1064 1315 1274 1380 conventibus
1297 1316 1413 1378 vestris
1436 1315 1566 1397 praefa-

286 1426 336 1487 tos
361 1421 545 1504 capellanos
569 1421 706 1487 sollicite
728 1423 897 1502 moneatis,
922 1442 962 1485 ne
985 1422 1123 1505 amplius
1147 1421 1361 1504 parochianos
1386 1443 1461 1487 suos
1484 1421 1567 1486 libe-

286 1549 339 1593 ros
363 1534 396 1592 et
423 1527 590 1593 absolutos
623 1528 664 1592 ad
697 1528 899 1612 praedictum
932 1526 1076 1591 ordinem
1106 1528 1245 1592 transire
1278 1527 1473 1610 prohibeant
1504 1549 1567 1592 neo

286 1633 327 1698 ab
352 1635 398 1698 eis
422 1634 482 1698 sub
510 1634 572 1698 hae
604 1635 772 1700 occasione
804 1634 975 1718 pecuniam
1008 1635 1147 1716 exigant.
1194 1632 1316 1698 Verum
1344 1635 1373 1698 si
1400 1633 1566 1698 mandatis

286 1741 401 1805 vestris
434 1741 643 1823 adquiescere
675 1741 852 1822 noluerint,
879 1762 936 1806 vos
969 1761 1023 1804 eos
1057 1741 1235 1822 apostolica
1262 1740 1336 1804 freti
1369 1740 1566 1806 auctoritate

285 1848 332 1911 ita
356 1848 526 1930 corrigatis
550 1854 583 1912 et
606 1849 782 1930 castigetis,
807 1853 844 1912 ut
861 1847 942 1912 talia
966 1845 1005 1910 de
1029 1852 1136 1912 cetero
1161 1868 1221 1912 nee
1240 1847 1383 1912 audeant
1401 1851 1565 1910 attentare

286 1958 319 2017 et
342 1954 441 2018 ceteri
463 1959 553 2018 metu
574 1974 699 2037 poenae
722 1954 851 2019 illorum
875 1975 895 2042 1
918 1952 1184 2018 similitudinibus
1204 1959 1236 2017 et
1255 1953 1413 2017 similibus
1432 1953 1566 2016 valeant

286 2059 474 2124 coherceri*
519 2059 703 2144 Congruum
726 2065 777 2124 est
800 2061 885 2124 enim
909 2065 942 2124 et
972 2059 1050 2125 ordo
1072 2061 1219 2142 postulat
1242 2060 1399 2140 caritatis,
1423 2064 1460 2122 ut
1482 2058 1564 2123 libe-

286 2187 357 2230 rum
386 2167 429 2230 sit
455 2167 520 2231 iarn
553 2167 647 2231 dictis
680 2167 902 2250 parrochianis
930 2165 1127 2248 fugientibus
1150 2166 1335 2248 Aegyptum
1367 2165 1408 2230 ad
1441 2171 1566 2229 terram

285 2273 508 2355 promissionis
532 2273 589 2353 ire,
616 2271 798 2337 volentibus
817 2279 886 2338 toto
906 2272 1066 2338 desiderio
1085 2272 1243 2338 conditori
1261 2277 1373 2337 nostro
1393 2277 1565 2355 acceptum
1624 2267 1627 2275 ⁴

287 2379 476 2460 obsequium
500 2385 533 2444 et
556 2379 707 2444 devotum
730 2379 926 2461 impendere.
963 2378 1087 2443 Datum
1105 2378 1274 2460 Anagniae
1297 2376 1379 2442 XVI
1402 2377 1565 2442 Oalendas

285 2483 468 2549 Februarii.

816 2615 1027 2622 ——-——-

286 2789 374 2855 262.
398 2791 561 2850 Ahmadan
582 2790 635 2849 ΙΙΙ
651 2791 794 2866 fratribus
825 2792 855 2851 S.
881 2791 976 2850 Saleii
1002 2791 1144 2868 indulcat,
1174 2810 1211 2850 na
1232 2791 1282 2850 eni
1298 2791 1562 2866 parochianorum,

396 2898 513 2956 etiarnsi
535 2897 667 2957 literatus
689 2898 742 2970 sit,
766 2898 842 2956 alins
860 2897 990 2956 1111111111
1011 2898 1047 2956 in
1074 2897 1253 2974 quotidianis
1281 2898 1391 2974 officiis
1413 2900 1455 2958 eci
1478 2900 1561 2959 cecic-

396 3004 525 3063 siasticis
547 3005 737 3062 sacramentis
759 3004 940 3080 frequentare
963 3005 1051 3063 liccat.
1266 2983 1275 3002 ⁰

478 3122 549 3177 Bibl
568 3128 625 3177 net.
645 3123 730 3176 Paris.
750 3122 820 3177 Coll.
838 3123 954 3178 Moreau
973 3124 1007 3180 69
1026 3122 1073 3178 fol.
1093 3123 1145 3177 238
1163 3140 1223 3194 cop.
1243 3140 1267 3178 a.
1289 3126 1365 3178 1775.

161 3297 245 3357 1176
374 3281 560 3346 Alexander
582 3283 752 3366 episcopus
776 3303 886 3347 servus
910 3304 1075 3348 servorum
1088 3282 1151 3347 Dei
1165 3282 1291 3346 dilectis
1310 3282 1385 3347 filiis
1404 3282 1560 3369 Alimoni)

130 3387 202 3461 Apr.
215 3389 265 3446 26.
284 3389 386 3472 priori
418 3395 451 3452 et
482 3387 638 3452 fratribus
667 3389 822 3454 ecclesiae
851 3391 955 3454 sancti
978 3389 1078 3454 Salvii
1110 3389 1249 3453 salutem
1282 3395 1314 3453 ct
1346 3389 1560 3473 apostolicam

285 3495 551 3560 benedictionem.
598 3493 822 3576 Significatum
845 3501 895 3560 est
917 3496 1010 3561 nobis
1035 3501 1190 3579 exparte
1214 3501 1331 3576 vestra,
1356 3496 1442 3578 quod
1465 3496 1560 3560 multi
1658 3573 1659 3578 γ

285 3601 485 3667 diversorum
508 3599 687 3667 officiorum
710 3602 856 3666 homines
879 3603 913 3666 in
935 3601 1098 3686 parochiis
1121 3602 1237 3666 vestris
1268 3607 1450 3683 manentes,
1482 3601 1561 3684 quia
1658 3590 1659 3613 ¹

283 3709 419 3773 litterati
452 3713 497 3788 et,
529 3708 607 3772 licet
636 3707 760 3772 nullum
798 3708 944 3774 ordinem
977 3708 1134 3789 habeant,
1177 3707 1348 3774 audiendib
1384 3708 1493 3772 divina
1527 3715 1560 3774 et

283 3814 483 3898 percipiendi
514 3813 579 3878 alia
612 3815 832 3880 ecelesiastica
864 3819 1081 3896 sacramenta,
1115 3814 1171 3879 ubi
1194 3820 1227 3878 et
1259 3814 1419 3896 aquibus
1450 3814 1559 3882 volue-

284 3922 364 4003 rint,
396 3920 581 3986 hbertetem
609 3921 693 3985 siout
716 3922 825 3986 clerici
849 3921 960 3986 volunt
986 3920 1115 3985 habere.
1162 3919 1256 3985 Unde
1280 3921 1447 4003 quoniam,
1471 3921 1559 4004 quod

283 4027 426 4110 generali
446 4027 672 4093 consuetudini
695 4010 826 4095 obviare
850 4027 1058 4110 dignoscitur,
1082 4048 1176 4092 nemo
1200 4027 1262 4092 sibi
1280 4026 1377 4092 debet
1399 4027 1558 4110 aliquate-

283 4155 343 4198 nus
368 4133 563 4214 detrahere⁰,
588 4135 782 4198 auctoritate
810 4135 989 4217 apostohca
1009 4133 1232 4216 prohibemus,
1258 4154 1298 4197 ne
1322 4133 1374 4198 oui
1396 4132 1495 4198 liceat
1517 4133 1559 4198 de

282 4239 465 4304 hominibus
488 4240 523 4302 in
536 4239 692 4322 parochia
710 4246 818 4306 vestra
836 4239 1057 4321 manentibus·
1076 4240 1140 4304 nisi
1159 4239 1340 4304 clericalem
1358 4237 1506 4304 habitum
1525 4247 1559 4304 et
1656 4305 1657 4311 ,

283 4347 428 4412 ordinem
450 4345 615 4425 habuerit,
649 4345 731 4410 alias
764 4345 916 4410 eeclesias
949 4346 982 4410 in
1009 4346 1181 4411 cotidianis
1209 4343 1323 4412 officiis
1354 4345 1405 4410 vel
1427 4345 1461 4410 in
1484 4345 1558 4410 aliis

370 4530 382 4553 ¹
400 4526 526 4575 cxhcrceri
544 4544 563 4574 o.
636 4522 649 4554 ⁶
667 4526 792 4575 audienda
810 4545 830 4576 c.
904 4531 914 4555 ⁰
932 4527 1030 4576 detrahi
1049 4545 1069 4575 c.

373 4628 503 4684 ι11111.
523 4628 565 4695 11,
586 4630 627 4682 13.
