3336 5184
485 313 676 368 6111111611
694 328 731 368 111
751 328 918 369 1116161111
938 316 987 368 271
1314 302 1375 363 155

5 497 6 528 t
99 479 130 536 et
154 472 369 555 suffraganeis
393 473 460 537 eius
484 479 517 537 et
541 474 666 540 dilectis
689 473 765 539 filiis
788 475 980 557 abbatibus,
1010 477 1205 559 praepositis
1229 483 1262 540 et
1285 476 1377 541 deca·
1415 478 1500 537 1178

5 599 6 666 j
97 579 147 642 nis
171 600 232 662 per
255 601 366 644 eorum
389 581 595 663 episcopatus
619 582 804 646 constitutis
827 582 967 646 salutem
990 589 1023 647 et
1047 584 1259 667 apostolicam
1282 584 1378 648 bene·
1396 568 1519 627 118130·

5 687 6 700 ’
98 685 284 750 dictionem.
332 685 493 775 Quoniam
524 688 558 750 in
591 709 669 770 agro
692 688 837 769 Domini,
871 688 927 769 qui
959 695 1010 753 661
1039 691 1188 771 66616616,
1222 695 1379 772 tanquam

5 879 6 882 Ἴ
97 795 212 876 spinae
237 815 276 858 ac
297 793 410 857 tribuli
441 800 620 858 nascuntur
652 794 770 858 cotidie
801 801 834 858 et
861 795 1023 878 pullulant
1045 799 1191 879 germina
1213 798 1378 880 viciorum,

5 883 6 888 ἵ
97 907 168 964 tum
191 899 344 964 videlicet
366 901 443 982 quia
464 901 558 982 proni
583 906 658 964 6611
681 921 795 964 661666
823 901 962 967 hominis
990 903 1032 966 ad
1059 904 1181 968 malum
1205 905 1246 970 ab
1271 905 1378 970 adole-

98 1008 225 1071 scentia
248 1028 317 1087 sua,
340 1013 410 1070 tum
433 1007 511 1088 qnia
533 1007 682 1071 inimicus
706 1007 802 1072 homo
822 1007 861 1071 de
884 1009 1015 1074 malicia
1034 1031 1093 1074 sua
1117 1011 1241 1075 zizania
1268 1033 1379 1095 super-

98 1114 261 1177 seminare
292 1135 356 1178 non
389 1118 495 1177 cessat
527 1118 559 1177 et
584 1134 722 1195 germen
744 1114 866 1179 bonum
896 1117 1012 1180 nititur
1044 1116 1214 1198 suffocare,
1248 1139 1379 1183 1666666

97 1228 157 1302 661,
183 1220 390 1301 diligenciam
409 1218 522 1284 adesse
551 1220 720 1300 cultorum,
747 1225 887 1285 611616
910 1223 1046 1287 evellere
1066 1229 1099 1287 et
1121 1231 1291 1307 amputare
1314 1226 1380 1289 iam

97 1335 186 1408 nata,
212 1347 298 1389 nunc
330 1327 428 1390 etiam
460 1327 632 1390 nascituris
664 1327 786 1391 nocivis
818 1328 1020 1410 graminibus
1043 1328 1232 1412 proficiendi
1255 1331 1378 1395 aditum

98 1433 264 1512 obserare,
289 1432 522 1514 subsequenter
546 1438 655 1497 autem
678 1437 711 1496 61
733 1435 875 1499 11661616
894 1434 1097 1500 fructiferum
1120 1458 1251 1519 germen
1274 1444 1307 1502 et
1331 1459 1378 1502 se·

97 1542 225 1604 minare
248 1559 358 1603 semen
385 1536 522 1620 bonum,
556 1539 643 1622 quod
665 1540 880 1622 tricesimum,
915 1546 1151 1625 sexagesimum
1184 1551 1217 1608 61
1244 1547 1378 1610 centesi-

98 1668 187 1710 mum
219 1644 360 1709 fructum
391 1645 584 1748 fecundante
612 1646 682 1710 Deo
713 1648 819 1728 possit
849 1647 974 1713 afferre.
1021 1649 1105 1714 Nam
1132 1657 1165 1714 et
1191 1652 1252 1717 hoc
1279 1654 1379 1718 verba

98 1753 156 1817 illa
187 1752 349 1817 dominica
382 1773 496 1816 sonare
526 1752 690 1833 videntur,
725 1754 842 1834 quibus
866 1753 1037 1820 1616111611
1065 1758 1257 1840 prophetam
1285 1766 1318 1823 61
1344 1761 1379 1822 11

99 1882 137 1925 66
161 1858 383 1940 evangelicum
407 1857 607 1923 sacerdotem
630 1860 785 1923 instruxit
801 1860 932 1924 dicens:
962 1868 1034 1926 Ecce
1061 1869 1125 1926 1611
1151 1870 1379 1930 6616616616

5 2003 6 2006 ¹
93 1948 148 2030 ο616
170 1977 235 2043 166,
264 1989 321 2028 cccc
347 1970 486 2029 666611161
515 1975 540 2029 16
566 1989 654 2046 saper
676 1977 774 2047 966166
801 1975 1379 2048 61669666166611666161661166661

99 2077 298 2153 disperderet
324 2076 447 2152 11661666
478 2083 504 2136 61
535 2077 651 2152 edifices
674 2084 699 2136 61
726 2077 866 2153 placas}
912 2073 951 2137 Id
979 2081 1089 2139 autem
1117 2076 1193 2140 licet
1221 2079 1378 2143 universis

5 2177 6 2186 ’
99 2179 281 2243 rectoribus
306 2177 515 2242 ecclesiarum
537 2177 715 2258 incumbat,
748 2179 849 2244 multo
873 2186 983 2244 tamen
1007 2180 1121 2246 fortius
1145 2185 1378 2251 1611161116-

5 2285 6 2290 ’
100 2306 216 2350 manae
239 2285 329 2348 urbis
354 2285 502 2363 antistiti,
528 2285 604 2366 quia
628 2306 647 2348 a
670 2286 810 2350 Domino
833 2285 910 2350 Iesu
934 2286 1076 2369 Christo,
1106 2293 1143 2352 11
1170 2297 1267 2374 caput
1294 2299 1379 2357 66661

100 2392 288 2472 aecclesiae,
311 2392 345 2453 in
363 2391 459 2455 beato
477 2390 576 2455 Petro
596 2393 731 2474 accepit,
757 2399 790 2456 et
813 2392 852 2455 de
876 2394 1047 2476 pascendis
1074 2395 1242 2460 dominicis
1266 2399 1378 2463 ovibus

101 2504 132 2562 et
154 2497 312 2562 fratribus
337 2495 563 2562 confirmandis
597 2518 786 2580 expressum
818 2522 856 2564 66
888 2501 1027 2583 speciale
1058 2503 1203 2566 noscitur
1225 2503 1378 2570 habuisse

99 2605 300 2669 mandatum.
346 2603 426 2667 Inde
450 2603 610 2685 siquidem
633 2613 692 2687 est,
720 2605 807 2687 quod
829 2629 888 2672 nos
907 2608 984 2672 licet
1002 2607 1235 2673 insufficientes
1253 2611 1377 2674 meritis

100 2712 140 2775 ad
163 2709 401 2794 providentiam
425 2710 621 2792 apostolicae
650 2710 735 2774 sedis
760 2718 792 2776 et
820 2714 1035 2779 ministerium
1063 2716 1254 2780 universalis
1278 2717 1377 2782 ecole-

98 2820 177 2898 siae,
202 2817 273 2882 Deo
297 2822 393 2899 prout
415 2818 478 2899 ipsi
501 2817 624 2900 placuit
643 2816 844 2901 disponente,
869 2823 985 2902 vocati,
1011 2823 1087 2904 quia
1110 2823 1143 2885 in
1162 2823 1298 2887 66616616
1316 2819 1378 2887 Dei

98 2925 299 2990 correctione
331 2922 475 2987 videmus
508 2945 605 3004 quam
637 2925 777 3005 plurima
804 2926 962 3007 indigere,
1000 2935 1069 2992 tam
1097 2929 1138 2992 ad
1167 2931 1377 3014 emendanda,

98 3054 162 3115 que
186 3031 285 3114 digna
308 3029 531 3094 emendatione
555 3031 715 3112 videntur,
740 3053 837 3114 quam
863 3032 905 3096 ad
924 3035 1169 3117 promulganda,
1194 3058 1257 3118 que
1281 3038 1378 3102 saluti

98 3137 245 3202 fidelium
268 3138 337 3202 visa
360 3137 480 3202 1661111
503 3138 664 3220 expedire,
691 3137 729 3202 de
754 3138 888 3212 diversis
911 3139 1024 3203 mundi
1047 3143 1195 3223 partibus
1223 3165 1378 3226 personas

99 3245 337 3310 ecclesiasticas
362 3243 560 3308 decrevimus
585 3243 775 3325 evocandas,
800 3267 938 3327 quarum
961 3249 1146 3328 praesentia
1174 3254 1207 3312 61
1233 3251 1376 3333 consilio,

99 3373 163 3434 que
182 3351 304 3416 fuerint
319 3351 472 3432 salubria,
494 3356 690 3432 statuantur,
716 3357 749 3415 61
772 3351 856 3433 quod
876 3352 1024 3435 bonumt,
1050 3353 1225 3419 secundum
1245 3377 1377 3422 consue·

98 3459 246 3523 tudinem
270 3459 475 3540 antiquorum
503 3463 633 3540 patrum
665 3457 874 3540 provideatur
905 3464 938 3522 61
969 3457 1177 3524 confirmetur
1205 3483 1224 3525 a
1251 3464 1376 3544 multis,

100 3564 187 3646 qnod
212 3565 239 3626 si
262 3563 501 3646 particulariter
524 3562 625 3647 fieret,
650 3587 714 3629 non
738 3564 832 3628 facile
850 3570 961 3646 posset
979 3565 1110 3649 plenum
1128 3566 1228 3632 robur
1245 3568 1376 3635 habere.

100 3670 261 3753 Quocirca
292 3691 350 3753 per
382 3671 560 3753 apostolica
592 3670 683 3736 vobis
716 3671 838 3755 scripta
872 3671 1079 3754 mandamus,
1118 3675 1270 3755 quatinus
1303 3677 1378 3741 huic

100 3777 305 3860 dispositioni
327 3782 457 3841 nostrae
480 3777 584 3858 plenis
610 3776 777 3840 desideriis
803 3779 970 3861 cooperari
996 3781 1115 3842 6616116
1139 3786 1172 3844 61
1194 3781 1299 3863 prima
1323 3782 1377 3848 do·

100 3884 220 3947 minica
242 3883 386 3965 proxime
410 3883 677 3966 quadragesimel
704 3883 746 3947 ad
774 3884 888 3948 urbem
910 3883 1049 3949 Romam
1077 3885 1214 3951 ducente
1237 3888 1376 3953 Domino

101 3991 252 4070 16116116,
284 3997 322 4052 61
354 3995 546 4072 cooperante
579 3991 684 4054 sancti
716 3989 849 4071 spiritus
886 3991 994 4072 gratia
1025 3997 1093 4054 tam
1122 3991 1156 4054 in
1181 3993 1377 4074 corrigendis

101 4095 358 4176 enormitatibus,
383 4117 480 4177 quam
503 4097 537 4158 in
561 4095 752 4176 statuendis,
777 4117 839 4177 que
862 4103 957 4178 grata
973 4097 1043 4162 Deo
1062 4097 1191 4178 fuerint,
1216 4101 1377 4163 communi

101 4201 222 4283 studio,
257 4201 342 4284 quod
369 4201 467 4266 fuerit
496 4201 671 4283 agendum,
705 4208 822 4283 agatur
856 4208 889 4266 et
917 4225 981 4268 uno
1012 4204 1146 4269 humero
1175 4204 1376 4269 sublevemus

101 4330 211 4373 arcam
233 4309 365 4374 Domini
396 4314 493 4390 atque
524 4330 588 4373 uno
616 4328 671 4372 ore
698 4307 947 4373 honorificemus
971 4309 1077 4374 Deum
1105 4316 1138 4374 et
1165 4316 1291 4393 patrem
1322 4311 1376 4376 do·

101 4416 180 4478 mini
211 4417 315 4479 nostri
344 4415 419 4479 Iesu
447 4413 579 4478 Christi.
625 4414 679 4478 Ad
710 4414 771 4479 hoo
804 4416 1065 4481 commendamus
1098 4417 1188 4482 vobis
1220 4417 1377 4481 attentius

190 4564 202 4589 ⁵
219 4561 286 4622 quod
303 4561 398 4609 bonum'
416 4562 503 4608 addidi
518 4577 547 4608 66
565 4562 713 4621 editionibus,
731 4563 784 4609 uide
801 4571 848 4611 not.
867 4561 884 4609 1
899 4565 1004 4623 6691666
1021 4566 1141 4623 6661666116.

191 4646 201 4675 ¹
219 4645 276 4701 Jer.
297 4649 319 4711 l,
340 4646 380 4700 10.
455 4645 537 4700 21116
557 4645 590 4699 18
609 4644 690 4700 Febr.
711 4646 787 4700 1179.
