3284 5184
285 276 349 337 248
676 285 860 340 Gonnnsrnu
878 298 915 338 111
932 297 1101 339 nrrsronnn
1118 284 1172 338 403

172 453 255 511 1192
283 450 497 517 immobilium
520 454 647 531 partem
679 445 860 510 distrahere
893 450 926 508 et
956 445 990 508 in
1018 445 1118 510 totius
1146 443 1395 509 christianitatis
1423 466 1577 510 commo-

166 543 223 601 Iul.
237 542 265 600 ⁶·
285 561 361 624 dum
393 561 580 622 convertere
608 552 853 636 compelluntur.
900 550 973 615 Hac
1004 551 1117 634 itaque
1150 551 1407 617 consideratione
1439 551 1579 616 inducti

285 673 318 731 et
339 665 469 730 illorum
492 660 642 725 maximis
670 657 921 722 necessitatibus
949 658 1130 741 provocati,
1154 658 1399 722 universitatem
1422 664 1579 722 vestram

283 769 487 857 presentibus
519 766 638 831 litteris
671 765 889 847 exhortamur,
923 765 1092 846 quatinus,
1125 764 1211 828 unde
1235 785 1346 830 eorum
1375 766 1580 849 suppleatur

283 878 403 961 inopia,
427 874 583 959 populum
606 870 697 937 vobis
722 870 828 936 aDeo
853 871 1062 936 commissum
1085 870 1238 936 collectas
1263 870 1370 935 faeere
1393 858 1577 936 moneatis.

285 983 477 1066 Quicunque
508 1001 584 1045 vero
618 979 657 1043 de
689 977 901 1043 facultatibus
929 976 992 1041 sibi
1022 976 1135 1043 aDeo
1159 977 1284 1042 collatis
1309 977 1356 1042 eis
1381 978 1580 1043 subvenerit

285 1098 317 1156 et
340 1092 374 1156 in
397 1095 466 1154 tam
490 1093 603 1152 sancta
626 1084 831 1150 fraternitate
855 1105 890 1148 se
918 1083 1075 1166 collegam
1103 1085 1257 1149 statuerit
1285 1085 1380 1167 eique
1407 1085 1579 1150 beneficia

284 1196 485 1283 persolverit,
510 1193 680 1258 annuatim
703 1193 876 1275 septimam
895 1190 925 1254 ei
942 1196 1070 1273 partem
1089 1191 1232 1255 iniunote
1251 1192 1428 1275 penitentie
1454 1192 1578 1257 confisi

285 1307 325 1371 de
357 1305 529 1370 beatorum
552 1300 644 1365 Petri
672 1304 705 1364 et
733 1297 829 1362 Pauli
860 1297 1080 1380 apostolorum
1112 1299 1237 1362 meritis
1270 1298 1487 1381 indulgemus.
1540 1299 1578 1364 Si

283 1435 360 1478 vero
384 1407 681 1477 excommunicatus
708 1426 773 1470 non
800 1403 899 1468 fuerit
927 1403 979 1467 vel
1001 1405 1193 1470 nominatim
1220 1405 1413 1469 interdictus
1438 1411 1472 1470 et
1496 1427 1578 1470 eum

284 1520 367 1585 mori
391 1516 572 1599 eontigerit,
597 1515 627 1578 ei
650 1534 723 1576 oum
746 1511 819 1575 aliis
849 1510 1036 1574 christianis
1062 1511 1230 1594 sepultura
1258 1512 1481 1577 ecelesiastica
1506 1535 1578 1578 non

284 1630 431 1708 negetur.
478 1620 559 1686 Cum
583 1626 692 1684 autem
715 1616 833 1681 fratres
856 1618 959 1700 ipsius
975 1617 1112 1701 Templi,
1137 1619 1194 1700 qui
1217 1618 1260 1682 ad
1280 1618 1448 1684 collectam
1468 1621 1578 1684 susci-

284 1731 437 1817 piendam
453 1728 608 1792 destinati
626 1725 757 1806 fuerint,
781 1725 816 1787 in
835 1723 1011 1805 civitatem,
1036 1724 1208 1788 castellum
1231 1725 1283 1789 vel
1300 1726 1407 1790 vicum
1430 1725 1577 1790 advene-

284 1839 360 1919 rint,
385 1837 413 1901 si
436 1835 520 1901 forte
542 1834 633 1899 locus
656 1834 727 1916 ipse
749 1830 942 1894 interdictus
973 1832 1025 1910 sit,
1055 1832 1089 1894 in
1116 1831 1256 1896 iocundo
1285 1853 1397 1897 eorum
1427 1832 1577 1896 adventu

285 1944 385 2010 semel
407 1945 441 2007 in
465 1964 549 2006 anno
574 1941 763 2024 aperiantur
783 1939 918 2003 ecclesie
939 1944 971 2002 et
990 1938 1129 2003 exclusis
1149 1940 1434 2003 excommunicatis
1459 1938 1576 2002 divina

284 2054 318 2117 in
342 2051 388 2116 eis
412 2048 519 2114 officia
543 2045 757 2111 celebrentur.
796 2043 866 2127 Que
889 2066 965 2109 vero
991 2044 1118 2110 deuon
1143 2047 1429 2111 excommunicatis
1453 2067 1575 2112 eorun-

285 2159 360 2224 dem
382 2156 523 2221 militum
546 2152 702 2217 fratribus
731 2152 951 2217 ecclesiastice
975 2152 1141 2234 sepulture
1169 2151 1338 2217 tradendis
1363 2159 1396 2217 et
1423 2153 1576 2217 ecclesiis

285 2267 449 2330 incorum
469 2261 620 2342 adventu,
640 2259 926 2324 excommunicatis
947 2257 1095 2340 exclusis,
1116 2259 1237 2344 se(mel)
1261 2259 1445 2343 aperiendis
1470 2282 1490 2324 a
1514 2283 1575 2325 no-

285 2372 336 2437 bis
361 2374 486 2434 statuta
510 2373 595 2448 sunt,
619 2366 711 2431 vobis
736 2365 999 2448 archiepiscopis,
1025 2365 1195 2447 episcopis,
1222 2366 1407 2431 mandando
1430 2367 1575 2450 precipi-

286 2499 372 2559 mus,
406 2480 442 2539 ut
474 2495 533 2558 per
564 2479 689 2538 vestras
717 2472 905 2556 parrochias
935 2470 1064 2534 faciatis
1092 2471 1369 2554 inrefragabiliter
1392 2471 1573 2538 observari.

286 2584 442 2649 Preterea
473 2580 673 2645 fraternitati
695 2585 801 2644 vestre
825 2577 969 2660 rogando
999 2577 1206 2660 mandamus,
1236 2580 1389 2662 quatinus
1412 2600 1574 2663 personas

287 2711 398 2756 eorum
422 2694 454 2753 et
476 2688 563 2753 bona
590 2709 648 2770 pro
678 2686 814 2750 caritate
842 2685 932 2749 beati
956 2683 1046 2748 Petri
1075 2690 1107 2748 et
1130 2690 1244 2749 nostra
1272 2689 1515 2751 manuteneatis
1539 2695 1574 2751 et

286 2797 409 2862 nullam
433 2795 479 2859 eis
502 2793 640 2875 irrogari
662 2792 819 2856 lesionem
847 2790 898 2853 vel
925 2791 1079 2854 iniuriam
1101 2791 1309 2874 permittatis.
1359 2793 1483 2858 Datum
1506 2793 1573 2858 La-

285 2903 393 2967 terani
414 2900 451 2965 H
473 2899 555 2966 Non.
579 2899 666 2980 Iulii,
690 2896 899 2981 pontificatus
923 2891 1028 2962 nos'tri
1052 2919 1137 2963 anno
1162 2897 1312 2963 secundo.

286 3226 378 3293 403.
402 3226 580 3288 Oocusrtnos
602 3223 654 3282 ΙΙΙ
672 3223 887 3297 archiepiscopo
908 3221 1073 3281 Sarmata
1096 3228 1122 3281 et
1139 3221 1237 3281 abbati
1259 3223 1289 3282 S.
1309 3223 1465 3283 Oolmnbcc
1483 3244 1573 3283 man·

397 3335 455 3406 dat,
478 3333 621 3392 inducant
643 3330 779 3388 comitem
795 3327 1007 3387 hltccrmascm
1029 3330 1072 3388 cet
1093 3329 1159 3387 etus
1177 3329 1363 3404 scribentem,
1389 3338 1436 3403 ut,
1459 3339 1572 3406 recepto

392 3439 521 3515 peccota
544 3437 647 3510 debito,
671 3437 795 3495 doram
816 3436 850 3494 dc
877 3435 1015 3510 Octoaqoe
1032 3435 1186 3511 prioratui
1208 3436 1242 3494 dc
1271 3436 1398 3496 Caritate
1419 3438 1572 3496 restituere

397 3565 460 3604 aon
482 3551 599 3604 recusat.

412 3646 483 3701 Bibl.
502 3651 559 3701 nat.
578 3644 665 3700 Paris.
684 3661 736 3699 ms.
754 3644 803 3698 lat.
823 3643 919 3698 12680.
940 3643 987 3699 fol.
1007 3643 1062 3698 23l⁸
1093 3660 1180 3731 manu
1198 3660 1219 3698 s.
1241 3657 1441 3700 xvn—xvm.

166 3825 250 3884 1192
377 3806 557 3873 Celestinns
591 3806 760 3889 episcopus
793 3824 904 3867 servus
934 3824 1099 3868 servorum
1122 3802 1185 3867 Dei
1212 3803 1391 3868 venerabili
1418 3804 1571 3870 fratri..

147 3914 268 3991 Aug-6·
289 3915 466 3982 Senonensi
490 3912 753 3996 archiepiscopo1
776 3916 809 3974 et
833 3910 951 3975 dilecto
976 3909 1099 3975 filio..
1125 3909 1260 3974 abbati2
1283 3909 1316 3975 S.
1338 3909 1515 3976 Columbae
1540 3913 1573 3975 in

289 4023 410 4088 diocesi
433 4020 611 4086 Senonensi
635 4017 811 4083 constituto
836 4016 975 4081 salutem
1003 4022 1037 4080 et
1060 4016 1273 4100 apostolicam
1301 4016 1572 4084 benedictionem.

288 4129 340 4195 Ex
362 4127 581 4193 insinuatione
614 4126 806 4189 dilectorum
833 4122 974 4188 filiorum
999 4122 1149 4187 abbatis³
1180 4128 1213 4188 et
1237 4130 1414 4189 conventus
1442 4122 1573 4189 Clunia-

290 4236 395 4301 censis
418 4257 477 4299 nos
501 4233 665 4317 accepisse
689 4230 853 4311 noveritis,
879 4229 975 4311 quod,
1001 4251 1074 4294 cum
1098 4230 1262 4314 prioratus
1286 4251 1399 4295 eorum
1423 4229 1462 4295 de
1482 4229 1572 4295 Cari-

289 4348 359 4408 tate
381 4348 538 4426 tempore,
563 4361 626 4422 quo
651 4338 837 4402 carissimus
860 4336 894 4399 in
909 4334 1038 4401 Ohristo
1062 4336 1148 4400 filins
1167 4342 1279 4402 noster
1293 4335 1475 4420 Philippus,
1500 4337 1571 4400 illu-

290 4451 369 4514 stris
392 4449 595 4514 Francorum
619 4467 686 4527 rex,
710 4442 971 4526 Hierosolymam
993 4441 1157 4526 profectus
1182 4448 1241 4526 est,
1265 4443 1329 4507 Dei
1347 4441 1571 4527 praevidentia

381 4627 390 4657 ¹
410 4624 541 4681 Gnidoni.
617 4624 627 4654 ²
645 4621 776 4677 Radulfo.
851 4619 1020 4690 ”Hugonis
