3284 5184
298 291 361 354 212

797 475 859 506 num.
872 474 908 515 cp.
1468 474 1528 505 num.
1543 475 1581 516 ep.

296 535 493 604 Ordinationes,
513 536 549 589 ab
565 535 693 590 Eustacio
721 576 728 588 .
767 577 773 590 .
812 577 817 589 .
858 540 907 588 113
963 534 1072 599 Quanto
1091 535 1221 588 sincerius
1256 575 1486 588 ......
1524 540 1578 588 331

297 607 488 661 Ordinationes
507 612 534 661 et
552 607 734 661 dedicationes
767 648 773 660 .
812 648 817 660 .
873 612 907 660 95
934 604 936 615 ’
963 605 1071 670 Quanto
1089 606 1234 675 specialius
1252 605 1442 660 coenobium.
1480 646 1486 658 .
1524 612 1580 660 383

963 676 1071 741 Quanto
1089 677 1234 746 specialius
1253 676 1383 730 dilectum
1435 717 1441 729 .
1480 718 1487 729 .
1525 683 1580 731 349

295 729 438 796 pastorali
456 740 635 794 moderamini
654 740 730 793 (lecet
766 780 773 792 .
811 780 817 792 .
874 744 907 792 66
963 747 1072 812 Quanto
1089 748 1235 817 specialius
1253 749 1450 802 monasterium
1482 788 1488 800 ,
1526 754 1580 801 318

296 820 444 874 Pastoralis
462 819 623 886 sollicitudo,
642 836 726 888 quam
766 859 772 871 .
811 860 817 870 .
856 824 907 873 245
963 819 1071 883 Quanto
1090 825 1117 872 te
1135 822 1205 873 sicut
1222 836 1314 889 regem
1347 860 1353 872 .
1391 860 1397 872 .
1436 860 1442 872 .
1481 860 1488 871 .
1527 825 1580 872 319

295 891 420 945 Pastores
438 897 466 944 et
483 890 600 959 praelati
632 931 638 942 .
677 931 683 941 .
811 931 817 943 .
857 895 907 943 165
934 930 936 945 .
963 889 1199 954 Quemadmodum
1217 889 1383 960 apostolicae
1436 931 1441 943 .
1480 931 1487 944 .
1527 895 1580 943 203

295 962 348 1016 Ρ11
366 963 434 1015 11111
452 962 556 1016 litteras
574 978 625 1014 nos
677 1002 683 1014 .
722 1002 727 1014 .
766 1001 772 1014 .
811 1002 817 1014 .
856 967 907 1015 305
963 961 1198 1025 Quemadmodum
1217 960 1383 1030 apostolicae
1437 1001 1443 1014 .
1482 1002 1487 1014 .
1528 967 1580 1014 238

296 1033 349 1087 Per
367 1035 463 1086 merita
481 1032 578 1086 beatae
633 1073 817 1085 .....
857 1038 906 1086 141
963 1033 1080 1097 Querela
1098 1032 1208 1087 Andree
1256 1073 1488 1086 ......
1527 1037 1580 1086 346

296 1104 420 1158 Perlatus
438 1109 479 1157 est
496 1105 599 1157 clamor
617 1103 653 1156 ad
671 1120 750 1156 aures
770 1121 818 1156 no·
963 1103 1079 1168 Querela
1097 1104 1189 1157 dilecti
1206 1103 1257 1156 filii
1300 1144 1488 1157 .....
1528 1109 1578 1156 301

331 1181 408 1242 suas,
428 1176 502 1244 quod
520 1175 646 1229 ecclesias
677 1215 683 1227 .
721 1215 727 1227 .
766 1215 771 1226 .
810 1215 816 1227 .
857 1179 906 1229 131
963 1174 1108 1240 Querelam
1127 1175 1242 1229 dilectae
1260 1177 1289 1227 in
1344 1215 1351 1228 .
1390 1215 1396 1227 .
1436 1215 1442 1227 .
1481 1215 1487 1226 .
1527 1179 1575 1228 401

295 1246 420 1300 Perlatus
438 1253 480 1300 est
496 1245 600 1300 clamor
618 1246 653 1298 ad
674 1262 753 1299 aures
771 1263 818 1299 no·
963 1246 1107 1311 Querelam
1127 1247 1287 1300 dilectorum
1300 1244 1421 1299 filiorum
1440 1244 1489 1298 ab·

331 1323 407 1385 stras,
427 1317 501 1386 quod
519 1335 586 1370 uxor
633 1356 817 1369 .....
857 1323 907 1371 188
997 1317 1069 1370 batis
1122 1356 1488 1371 .........
1528 1321 1578 1369 299

296 1388 426 1441 Perlectis
444 1388 540 1441 litteris
589 1427 817 1441 ......
873 1393 905 1441 41
962 1388 1107 1453 Querelam
1125 1389 1287 1442 dilectorum
1305 1386 1426 1442 filiorum
1441 1404 1489 1441 no·

296 1459 425 1513 Pervenit
442 1459 477 1512 ad
495 1476 574 1512 aures
857 1464 907 1512 124
997 1465 1114 1512 strorum
1527 1462 1578 1511 222

296 1530 425 1584 Pervenit
448 1530 483 1582 ad
506 1548 555 1583 nos
574 1547 607 1583 ex
624 1530 818 1597 conquestione
962 1529 1116 1596 Querelam,
1135 1548 1206 1599 quae
1257 1570 1488 1583 ......
1528 1533 1575 1581 141

331 1600 491 1654 dilectorum
543 1640 817 1654 .......
856 1606 906 1654 311
962 1600 1139 1665 Querelarum
1158 1603 1350 1655 enormitate.
1389 1642 1395 1654 .
1435 1641 1441 1653 .
1481 1642 1487 1653 .
1562 1605 1576 1652 8

295 1672 425 1726 Pervenit
447 1671 484 1724 ad
507 1689 556 1726 nos
575 1689 607 1725 ex
625 1673 819 1740 conquestione
962 1672 1016 1736 Qui
1034 1672 1086 1725 sibi
1104 1690 1211 1741 preesse
1256 1711 1489 1725 ......
1545 1676 1577 1724 63

331 1743 491 1796 dilectorum
856 1748 907 1798 361
963 1743 1034 1808 Quia
1051 1744 1217 1797 consuetudo
1255 1783 1488 1796 ......
1527 1747 1573 1794 125

295 1814 426 1870 Pervenit
448 1814 484 1867 ad
502 1832 552 1867 nos
576 1831 608 1868 ex
625 1815 819 1882 conquestione
962 1814 1040 1882 Quia,
1060 1831 1123 1867 cum
1140 1832 1183 1868 res
1201 1817 1237 1867 sit
1255 1854 1487 1868 ......

330 1887 428 1954 prioris
455 1926 461 1937 .
500 1895 509 1938 .·
545 1925 817 1938 .......
856 1891 907 1939 315
963 1885 1034 1949 Quia
1052 1886 1204 1940 devotionis
1222 1891 1268 1939 tue
1299 1925 1487 1938 .....

297 1955 426 2011 Pervenit
444 1956 479 2009 ad
498 1974 547 2009 nos
566 1973 598 2009 ex
616 1957 776 2009 transmissa
813 1995 819 2008 .
856 1962 907 2009 233
963 1957 1034 2021 Quia
1052 1959 1140 2010 omnis
1157 1962 1278 2026 potestas
1300 1996 1488 2009 .....

297 2027 427 2083 Pervenit
444 2027 480 2080 ad
498 2044 555 2092 nos,
575 2028 650 2095 quod
668 2027 731 2080 licet
767 2067 773 2078 .
812 2067 818 2078 .
856 2033 908 2081 360
934 2018 936 2111 l
963 2027 1034 2091 Quia
1051 2033 1114 2096 post
1132 2028 1232 2081 multos
1257 2067 1487 2080 ......

297 2099 426 2153 Pervenit
443 2103 536 2151 autem
554 2098 590 2151 ad
607 2116 685 2151 nos.
724 2139 729 2150 .
768 2137 773 2149 .
813 2139 818 2150 .
856 2103 908 2151 284
963 2098 1081 2162 Quidam
1100 2098 1272 2167 parrochiani
1300 2138 1488 2152 .....

297 2169 426 2236 Petimus,
445 2174 477 2221 ut
493 2168 642 2222 Paulinum
679 2209 685 2221 .
723 2210 728 2221 .
767 2209 773 2221 .
812 2210 817 2221 .
874 2175 907 2223 35
963 2169 1080 2233 Quidam
1100 2187 1211 2223 sanese
1214 2209 1487 2223 .......

296 2240 363 2293 Ρο11
380 2240 528 2294 discessum
547 2238 577 2293 0.
597 2245 625 2294 et
642 2239 674 2293 L.
722 2281 728 2293 .
767 2281 773 2292 .
811 2281 817 2292 .
856 2245 908 2295 220
963 2240 1043 2305 Quod
1060 2258 1110 2296 vos
1129 2241 1162 2294 de
1181 2241 1255 2294 beati
1301 2281 1488 2294 .....

296 2311 447 2380 Postquam
465 2311 647 2380 abepiscopo
679 2352 684 2364 .
723 2352 729 2364 .
767 2352 774 2363 .
803 2352 818 2366 ,.
858 2316 907 2365 151
963 2311 1099 2375 Quoniam
1117 2312 1153 2365 ad
1171 2317 1291 2366 nostram
1345 2352 1351 2364 .
1390 2352 1396 2363 .
1435 2351 1441 2363 .
1481 2352 1488 2364 .
1560 2319 1565 2335 ⁸

296 2381 478 2435 Postulationi
495 2388 602 2436 vestrae
634 2423 818 2435 .....
858 2387 907 2436 142
963 2382 1098 2446 Quoniam
1117 2383 1150 2436 de
1168 2388 1217 2436 tua
1235 2383 1396 2437 electione.
1436 2422 1442 2434 .
1482 2422 1488 2434 .

296 2451 490 2506 Praedecessor
507 2458 599 2506 noster
634 2494 818 2506 .....
857 2459 908 2507 194
963 2453 1098 2517 Quoniam
1116 2455 1232 2507 dilectus
1249 2453 1323 2507 filius
1341 2457 1434 2508 noster
1481 2493 1487 2506 .

296 2523 454 2577 Praefatum
473 2523 600 2578 clericum
634 2565 818 2577 .....
874 2531 908 2579 98
963 2524 1098 2588 Quoniam
1117 2527 1146 2579 in
1165 2543 1231 2595 agro
1256 2565 1488 2579 ......

296 2593 440 2648 Praefatus
458 2594 677 2664 archiepiscopus
723 2635 729 2648 .
768 2636 773 2648 .
812 2636 818 2648 .
875 2601 906 2649 51
963 2595 1099 2659 Quoniam
1118 2596 1190 2649 infra
1212 2635 1489 2650 .......

296 2665 484 2720 Praesentium
503 2667 573 2720 lator
591 2666 728 2735 Hugoni.
767 2707 773 2719 .
811 2706 818 2719 .
874 2673 908 2720 90
963 2666 1099 2730 Quoniam
1118 2666 1258 2720 Secundus
1301 2707 1489 2720 .....

296 2736 484 2790 Praesentium
503 2737 574 2791 lator
592 2736 775 2806 Raimpuldus
811 2777 818 2790 .
858 2742 907 2791 111
963 2737 1107 2805 Quoniam,
1127 2744 1158 2791 ut
1175 2741 1215 2791 ait
1232 2738 1373 2808 apostolus
1435 2779 1441 2790 .
1481 2779 1488 2792 .

296 2807 483 2861 Praesentium
502 2811 619 2877 portitor
679 2849 685 2861 .
723 2848 729 2861 .
767 2849 773 2861 .
812 2849 818 2860 .
875 2813 908 2861 10
964 2808 1100 2872 Quoniam
1119 2811 1188 2862 sicut
1206 2812 1359 2879 accepimus
1389 2850 1395 2861 .
1435 2849 1441 2862 .
1481 2850 1488 2862 .

297 2879 446 2933 Praeterito
465 2897 537 2934 anno
589 2919 818 2932 ......
875 2884 908 2933 33
964 2879 1099 2944 Quoniam
1118 2883 1188 2933 11111
1205 2878 1286 2934 fialae
1346 2921 1352 2934 .
1390 2921 1396 2932 .
1435 2920 1441 2932 .
1481 2921 1488 2933 .

297 2950 394 3004 Preces
412 2968 467 3019 que
484 2956 576 3004 nostro
634 2990 818 3003 .....
856 2955 908 3005 405
964 2951 1140 3015 Quorundam
1158 2950 1247 3004 relatu
1265 2950 1388 3004 fidelium
1435 2991 1441 3004 .
1480 2991 1487 3004 .
1560 2957 1565 2972 ¹

296 3021 481 3075 Presbiterum
499 3027 591 3075 autem
609 3021 753 3090 Luponetn
812 3061 818 3072 .
875 3026 907 3076 51
964 3021 1094 3085 Quotiens
1112 3022 1207 3091 aliqua
1225 3023 1310 3092 digna
1346 3063 1352 3075 .
1391 3062 1397 3074 .
1436 3063 1442 3074 .
1481 3063 1489 3075 .

297 3092 488 3160 Presbiterum,
508 3110 590 3163 quem
608 3091 757 3160 apostolice
812 3132 818 3144 .
874 3099 908 3147 32
964 3093 1094 3157 Quotiens
1111 3094 1182 3146 illud
1200 3111 1217 3146 a
1235 3094 1315 3147 nobis
1346 3135 1352 3146 .
1390 3133 1396 3145 .
1436 3133 1442 3146 .
1481 3134 1488 3146 .
1544 3096 1567 3141 't

297 3163 486 3217 Priscillianus
893 3170 908 3217 2
964 3164 1094 3228 Quotiens
1112 3167 1230 3233 peccatis
1249 3164 1421 3234 exigentibus
1482 3205 1489 3217 .
1546 3169 1572 3212 '-

297 3234 351 3288 Pro
370 3235 544 3288 ecclesiarum
562 3236 728 3288 incremento
768 3274 775 3287 .
813 3274 819 3287 .
857 3239 908 3289 252

297 3305 351 3360 Ρ11
369 3308 548 3375 integratione
566 3305 729 3375 prebende.
768 3346 774 3358 .
813 3347 819 3358 .
857 3311 906 3358 321
963 3286 1132 3366 Recepimus
1151 3297 1291 3366 querelam
1346 3339 1352 3350 .
1391 3339 1397 3350 .
1437 3338 1443 3351 .
1483 3338 1490 3350 .
1568 3299 1572 3313 '

297 3376 351 3430 Pro
369 3383 442 3430 statu
460 3377 635 3432 ecclesiarum
678 3417 684 3430 .
723 3418 729 3429 .
768 3418 774 3430 .
813 3417 819 3429 .
857 3382 908 3431 382
962 3377 1089 3446 Receptis
1107 3383 1197 3432 vestre
1214 3378 1398 3431 devotionis.
1437 3418 1443 3431 .
1483 3418 1490 3430 .

297 3447 351 3500 Pro
369 3451 499 3503 varietate
517 3465 695 3518 personarum
725 3488 731 3501 .
769 3489 775 3501 .
814 3489 820 3500 .
858 3453 909 3511 214
962 3448 1081 3501 Rediens
1100 3449 1135 3501 ad
1153 3467 1202 3502 nos
1221 3448 1335 3502 dilectus
1391 3489 1397 3501 .
1436 3490 1442 3501 .
1482 3490 1489 3502 .

477 3582 479 3586 ¹
962 3519 1113 3573 Relationis
1130 3525 1236 3574 vestrae
1255 3524 1348 3573 tenore
1390 3561 1397 3572 .
1436 3559 1442 3571 .
1481 3560 1488 3573 .

298 3569 377 3659 Quae
395 3582 424 3633 in
442 3581 592 3634 canonibus
635 3620 819 3634 ·····
859 3584 909 3632 112
963 3589 1091 3643 Relatum
1110 3592 1257 3659 apostolice
1275 3591 1332 3644 sedi
1390 3631 1396 3643 .
1436 3631 1443 3643 .
1482 3631 1489 3644 .

298 3659 422 3723 Qualiter
439 3676 489 3727 per
506 3660 686 3728 apostolice.
724 3702 730 3712 .
769 3701 774 3712 .
814 3700 820 3712 .
876 3665 909 3712 12
935 3661 937 3671 ’
963 3661 1091 3714 Relatum
1110 3667 1152 3715 est
1169 3662 1248 3716 nobis
1266 3678 1299 3715 ex
1321 3665 1400 3730 parte
1423 3666 1473 3715 tua
1525 3661 1572 3711 354

298 3731 386 3794 Quam
405 3748 503 3798 parum
521 3732 556 3782 sit
591 3771 820 3784 ......
858 3736 910 3785 303
963 3732 1091 3785 Relatum
1111 3739 1151 3786 est
1169 3733 1248 3786 nobis
1260 3750 1293 3787 ex
1305 3737 1384 3801 parte
1398 3737 1491 3788 vestra
1526 3733 1572 3782 358

298 3802 430 3865 Quamvis
448 3803 479 3868 is,
499 3803 546 3870 qui
565 3802 730 3854 reducitur.
769 3843 775 3854 .
814 3843 820 3854 .
877 3807 909 3855 21
963 3802 1114 3872 Religionis
1132 3804 1264 3873 probatur
1282 3805 1383 3857 iniuria
1438 3845 1445 3857 .
1483 3845 1489 3856 .
1559 3801 1572 3846 3

298 3873 408 3936 Quanta
425 3875 461 3925 sit
478 3872 649 3926 obedientiae
680 3914 686 3925 .
725 3914 730 3925 .
769 3895 775 3925 ;
813 3913 819 3924 .
858 3878 908 3927 319
963 3874 1115 3943 Religionis
1133 3881 1223 3930 vestre
1241 3877 1406 3944 peticionem
1439 3916 1445 3929 .
1484 3915 1490 3928 .
1529 3873 1573 3924 136

298 3944 407 4008 Quanto
426 3944 545 4012 amplius
563 3944 637 3996 beati
680 3983 685 3995 .
724 3984 730 3996 .
769 3985 775 3996 .
813 3984 819 3996 .
860 3949 909 3997 192
936 3940 937 4011 l
963 3946 1133 4014 Reparatum
1152 3964 1261 4016 quoque
1303 3986 1490 4000 .....
1544 3943 1573 3992 1⁰

298 4015 407 4079 Quanto
426 4015 452 4068 b.
472 4015 613 4068 Benedicti
636 4055 820 4068 .....
859 4020 909 4068 201
936 4014 938 4079 i
964 4016 1066 4070 Rerum
1085 4020 1171 4070 exitus
1190 4018 1321 4072 discretus
1349 4058 1355 4070 .
1395 4045 1400 4070 ;
1440 4058 1446 4070 .
1485 4058 1490 4070 .
1527 4013 1573 4066 212

299 4086 407 4151 Quanto
425 4085 558 4139 beneficia
575 4087 729 4155 graciora.
769 4126 774 4138 .
813 4126 819 4138 .
859 4092 910 4140 385
964 4088 1018 4141 Res
1037 4088 1072 4141 ad
1091 4106 1139 4142 nos
1158 4091 1268 4142 omnino
1303 4128 1490 4142 .....
1526 4085 1570 4137 261

299 4158 408 4221 Quanto
425 4157 585 4210 coenobium
605 4163 725 4211 vestrum
768 4198 774 4209 .
814 4197 820 4210 .
859 4163 910 4211 386
964 4159 1019 4212 Res
1037 4176 1093 4212 una
1124 4199 1490 4213 .........
1543 4155 1572 4204 43

298 4229 407 4292 Quanto
425 4229 517 4282 dilecti
535 4226 585 4280 filii
603 4231 688 4282 111111
725 4268 731 4280 .
770 4269 776 4281 .
814 4268 820 4281 .
859 4233 910 4281 342
964 4229 1070 4284 Retulit
1087 4230 1167 4284 nobis
1185 4229 1212 4284 G
1214 4269 1491 4284 .......
1526 4225 1572 4278 230

299 4299 406 4363 Quanto
425 4301 453 4352 in
472 4299 585 4353 ccclesia
602 4299 657 4352 Dei
676 4299 766 4353 locum
813 4340 820 4352 .
859 4305 910 4354 380
965 4300 1070 4354 Retulit
1087 4302 1166 4355 nobis
1184 4301 1358 4355 Rainbaldus
1395 4341 1401 4354 .
1441 4341 1447 4354 .
1484 4341 1490 4353 .
1543 4295 1571 4346 13

298 4371 406 4435 Quanto
425 4372 513 4439 magis
531 4369 729 4424 habundante.
769 4411 775 4423 .
814 4411 820 4423 .
860 4376 910 4424 313
965 4373 1075 4425 Ricardi
1094 4372 1272 4426 Troarnensis
1303 4412 1489 4426 .....
1526 4367 1568 4420 201
1616 4349 1617 4387 t

298 4442 407 4506 Quanto
426 4443 620 4495 monasterium
638 4443 725 4495 sancti
770 4483 776 4495 .
815 4483 821 4495 .
860 4446 909 4495 311
965 4443 1103 4512 Rogabas‚
1121 4449 1152 4497 ut
1170 4444 1320 4513 presbitero
1350 4485 1356 4497 .
1395 4484 1401 4496 .
1440 4484 1446 4496 .
1483 4482 1489 4494 .
1527 4437 1570 4489 11⁴

298 4513 407 4577 Quanto
426 4514 619 4566 monasterium
637 4518 759 4567 vestrum
815 4553 822 4565 .
860 4517 911 4566 235
1558 4573 1566 4582 ,

299 4583 407 4647 Quanto
425 4583 505 4636 nobis
523 4590 551 4636 et
568 4584 679 4637 ecclesie
725 4624 732 4636 .
771 4624 777 4636 .
815 4624 822 4635 .
860 4589 911 4636 265
968 4564 1142 4646 Sacrilegum
1160 4593 1218 4631 esse
1237 4583 1265 4630 et
1307 4615 1490 4630 .....
1526 4577 1569 4622 lm

299 4655 407 4717 Quanto
426 4658 597 4707 sacrosancta
615 4655 741 4708 Romana
771 4695 777 4708 .
816 4695 822 4707 .
861 4659 912 4708 230
939 4654 941 4720 i
967 4655 1145 4710 Sacrosancta
1163 4657 1291 4712 Romana
1307 4656 1446 4712 ecclesia.
1483 4693 1489 4706 .
1524 4651 1569 4701 28⁶
