3284 5184
419 315 604 370 Oounrsruvr
622 329 659 370 111
677 329 844 371 mrsromx
862 317 923 372 399.
942 317 995 372 400
1282 301 1346 364 245

78 499 140 541 rum
153 477 279 561 pastori
297 481 483 542 reverenter
501 481 534 540 et
551 476 718 541 humiliter
733 475 914 541 deferentes
929 476 1074 542 debitam
1088 479 1118 542 ei
1132 477 1349 544 obedientiam
1387 473 1470 533 1191

77 583 274 668 impendatis
294 584 419 648 monita
436 582 538 666 ipsius
563 581 707 648 salubria
726 588 759 647 et
772 583 928 647 mandata
946 585 1113 668 recipiatis
1131 584 1299 649 humiliter
1317 590 1350 650 et
1369 562 1442 623 N0V·
1456 565 1484 624 6·

77 692 137 756 sine
152 689 371 772 redagatione
386 690 520 754 servetis
536 696 578 771 et,
599 711 672 754 cum
686 711 742 755 vos
758 692 890 755 statutis
905 688 1106 773 temporibus
1121 689 1164 754 ad
1178 691 1349 756 concilium

76 797 120 860 vel
141 797 292 864 sinodum
311 795 440 861 duxerit
459 795 649 877 evocandos,
677 797 746 860 sine
769 797 926 862 tarditate
951 797 1099 880 qualibet
1117 797 1281 862 accedatis
1306 803 1348 879 et,

77 905 201 987 siquos
224 925 284 987 pro
312 904 379 968 suis
412 901 597 969 excessibus
629 902 804 968 interdicto
835 903 886 968 vel
917 904 1242 969 excommunicationi
1274 904 1349 969 sub·

76 1011 196 1093 iecerit,
228 1010 332 1093 ipsius
365 1009 560 1074 sententiam
592 1009 824 1075 inviolabiliter
856 1031 984 1076 servare
1016 1011 1145 1075 curetis.
1192 1009 1246 1074 Ad
1268 1010 1350 1075 haec

75 1117 157 1182 vobis
182 1117 381 1183 auctoritate
404 1116 625 1199 praesentium
643 1115 836 1197 inhibemus
860 1137 900 1181 ne
924 1116 1043 1199 aliquis
1061 1122 1206 1181 vestrum
1223 1138 1349 1182 excom·

75 1226 252 1289 municatos
284 1222 335 1286 vel
366 1223 558 1287 nominatim
585 1222 776 1287 interdictos
804 1223 939 1287 eiusad
968 1223 1170 1306 sepulturam
1193 1228 1268 1288 ante
1293 1224 1349 1289 ab·

76 1332 267 1396 solutionem
290 1329 442 1412 recipiat,
472 1329 617 1412 alioquin
645 1350 703 1394 nos
728 1330 757 1392 ei
780 1329 994 1394 interdicendi
1017 1329 1197 1412 ecclesiam,
1227 1331 1261 1393 in
1284 1352 1350 1413 qua

76 1439 130 1502 hoc
151 1441 401 1521 praesumptum
419 1434 527 1516 fuerit,
552 1434 653 1500 donec
672 1434 770 1500 fuerit
789 1434 927 1500 cadaver
945 1437 1095 1518 eiectum,
1118 1436 1256 1502 liberam
1274 1458 1349 1502 con-

76 1545 227 1608 cessimus
251 1542 428 1608 autoritate
452 1541 632 1624 apostolica
659 1541 859 1606 facultatem.
906 1541 1030 1607 Datum
1056 1541 1214 1607 Laterani
1237 1549 1349 1610 octavo

75 1650 147 1715 Idus
170 1649 375 1730 Novembris,
399 1646 608 1731 pontificatus
631 1649 735 1713 nostri
758 1670 843 1713 anno
865 1649 980 1731 primo.

74 1919 156 1985 aec.
186 1921 368 1981 maisiaci
380 1920 432 1978 111
455 1919 588 1979 ravato
611 1919 825 1995 alietatem
839 1898 1005 1979 maitiae·
1027 1921 1164 1994 macti,
1194 1922 1248 1998 qa·
1269 1923 1349 1981 aaa

178 2028 245 2087 sias
267 2046 320 2086 saa
342 2027 525 2102 campanilia
546 2027 719 2099 invaseriat,
743 2033 776 2085 at
799 2046 847 2086 aas
869 2027 1103 2086 anathematizat.

291 2146 410 2217 Autogr.
428 2145 458 2199 in
477 2123 546 2199 sibi
563 2150 620 2199 nat.
639 2144 726 2199 raes.
746 2145 815 2200 0011.
835 2145 938 2200 aarum
958 2144 1011 2200 380
1028 2161 1055 2198 n.
1075 2145 1118 2198 23.

154 2289 339 2354 Celestinus
363 2289 533 2372 episcopus
557 2308 668 2351 servus
695 2309 860 2353 servorum
878 2286 940 2351 Dei
959 2286 1138 2351 venerabili
1157 2287 1252 2352 fratri
1270 2287 1347 2354 Um·
1385 2301 1467 2360 1191

73 2394 158 2460 berto
182 2395 371 2460 Arelatensi
395 2393 638 2477 archiepiscopo
671 2394 810 2458 salutem
839 2400 872 2458 et
905 2394 1119 2477 apostolicam
1151 2393 1348 2460 benedictio·
1368 2391 1441 2450 Νῦν·
1455 2391 1483 2449 6·

73 2523 148 2566 nem.
191 2501 428 2583 Intelleximus,
453 2500 550 2583 quod,
575 2522 648 2564 cum
666 2502 700 2565 in
720 2501 851 2565 civitate
870 2507 928 2564 tua
946 2500 1135 2583 frequenter
1154 2501 1348 2566 seditionum

74 2608 225 2673 scandala
244 2609 451 2689 suscitentur,
477 2628 552 2691 sepe
576 2608 744 2691 contingit,
768 2614 805 2672 ut
828 2607 974 2673 nonnulli
994 2607 1148 2672 ecclesias
1169 2613 1202 2672 et
1220 2629 1348 2691 campa-

73 2715 144 2779 nilia
168 2721 241 2779 tam
264 2716 298 2779 in
320 2716 393 2798 ipsa
416 2714 547 2778 civitate
581 2736 679 2797 quam
708 2715 811 2796 burgo
839 2714 881 2778 ad
910 2714 960 2778 sui
988 2714 1161 2779 tuitionem
1185 2719 1218 2779 et
1241 2713 1349 2778 deien-

73 2821 191 2886 sionem
216 2821 374 2886 invadant
397 2827 429 2885 et
447 2821 527 2904 ipsis
551 2827 720 2904 tamquam
744 2821 943 2885 secularibus
967 2820 1116 2886 domibus
1139 2822 1272 2904 propria
1302 2828 1349 2886 te·

73 2929 222 2993 meritate
240 2933 385 2992 utantur.
428 2925 513 3009 Quia
535 2927 636 3010 igitur
658 2927 692 2990 id
715 2926 845 2992 obvium
867 2928 987 2992 rationi
1011 2927 1190 2993 dinoscitur
1214 2933 1247 2991 et
1269 2928 1349 3011 ipsis

72 3033 273 3100 invasoribus
305 3035 519 3118 pernitiosum
546 3035 671 3115 existit,
700 3033 900 3099 fraternitati
927 3040 982 3098 tue
1010 3034 1210 3117 presentium
1239 3041 1349 3099 aucto·

72 3141 164 3206 ritate
190 3140 406 3222 concedimus,
437 3147 474 3204 ut
498 3139 540 3204 ad
566 3140 626 3204 hec
654 3140 845 3223 corrigenda
872 3162 1004 3203 manum
1032 3139 1141 3204 debite
1166 3139 1349 3204 severitatis

73 3266 247 3330 apponens,
278 3248 305 3311 si
329 3248 385 3331 qui
409 3247 449 3311 de
473 3253 581 3312 cetero
605 3247 758 3313 ecclesias
782 3249 871 3332 ipsas
897 3268 954 3311 seu
979 3246 1175 3330 campanilia
1197 3245 1350 3310 invadere

73 3351 150 3418 forte
175 3356 443 3438 presumpserint,
468 3354 530 3417 nisi
555 3355 758 3436 quamtocius
782 3354 824 3418 ad
847 3352 1039 3419 mandatum
1061 3358 1154 3417 tuum
1183 3352 1349 3434 redierint,

72 3464 134 3524 tam
158 3461 195 3524 in
218 3461 290 3543 ipsa
313 3461 445 3526 civitate
475 3481 573 3543 quam
605 3461 708 3542 burgo
741 3461 850 3525 divina
877 3459 1093 3524 interdicendi
1121 3464 1154 3523 et
1180 3459 1254 3524 illos
1281 3459 1350 3522 vin-

73 3567 140 3633 culo
174 3567 395 3632 anathematis
427 3567 604 3632 innodandi
637 3567 855 3651 appellatione
891 3571 1018 3631 remota
1054 3565 1191 3630 liberam
1226 3565 1350 3630 habeas

73 3671 270 3738 facultatem.
326 3674 450 3738 Datum
481 3674 639 3740 Laterani
671 3673 756 3738 VIH
786 3673 865 3737 Idus
897 3671 1103 3754 Novembris,
1140 3670 1350 3755 pontificatus

73 3782 173 3844 nostri
197 3801 282 3845 anno
305 3781 420 3863 primo.

604 3892 817 3900 ———

73 4049 166 4118 400.
190 4051 368 4144 Caelestinus
390 4053 442 4111 ΙΙΙ
469 4054 575 4114 daoam
607 4060 633 4114 ct
664 4053 777 4113 dachas
804 4051 956 4110 canonicis
979 4050 1174 4110 Remaasibas
1200 4049 1351 4124 papatiam

181 4160 244 4232 dat,
273 4165 307 4218 ai
335 4161 563 4219 omtroaarsiam
594 4160 671 4219 inter
697 4158 914 4219 monasteriam
939 4157 969 4218 S.
998 4157 1113 4216 Gisleai
1140 4161 1166 4215 at
1188 4155 1351 4215 Beatmrem

181 4267 216 4324 de
234 4266 355 4324 Bassa
377 4267 431 4325 dia
453 4267 596 4342 apitatam
618 4267 816 4325 determinem.

249 4383 322 4440 Bibl.
340 4390 398 4440 nat.
417 4384 503 4440 Paris.
523 4401 574 4440 ms.
593 4385 642 4439 lat.
663 4385 758 4440 12674.
781 4384 829 4439 fol.
850 4383 923 4437 213b.
954 4399 1040 4436 manu
1059 4399 1081 4436 s.
1099 4394 1177 4436 xvn.

161 4524 341 4591 Celestinus
365 4527 535 4610 episcopus
559 4548 669 4592 servus
694 4547 859 4591 servorum
882 4524 944 4590 Dei
973 4523 1100 4588 dilectis
1124 4521 1200 4587 filiis
1228 4521 1349 4587 decano
1391 4529 1476 4589 1192

76 4637 106 4695 et
128 4633 294 4716 magistris
318 4629 482 4716 Stephano
512 4639 546 4697 et
571 4632 742 4698 Poncardo
773 4631 935 4698 canonicis
964 4629 1180 4694 Remensibus
1212 4630 1350 4694 salutem
1368 4620 1429 4679 Ian.
1442 4619 1493 4679 20·
