3336 5184
442 305 632 358 Annxrrnm
650 317 687 358 111
705 317 873 359 nrrsronsn
892 305 951 360 254.
973 305 1024 360 255
1308 292 1368 352 143

21 527 26 540 ,
97 468 135 532 do
158 472 267 530 cetero
291 471 404 530 contra
426 464 562 528 eandem
581 463 846 530 consuetudinem
864 465 1019 547 populum
1039 486 1243 548 congregare,
1267 463 1545 532 invos1171-72

97 579 129 638 ot
149 574 184 636 in
206 573 295 654 ipsos
327 577 459 654 propter
490 570 552 636 hoc
584 571 765 636 authoritas
799 571 977 652 apostohoa
1004 571 1083 635 dure
1111 578 1144 636 et
1171 593 1369 654 aspere...
1408 552 1537 612 Iun20.

96 685 274 764 proponat⁸
297 678 564 742 animadvertere.
611 677 734 741 Datum
758 676 932 742 Tusculani
956 677 1025 742 XII
1046 678 1213 743 Kalendas
1236 679 1320 743 Iulii.

96 1092 182 1157 254.
206 1091 370 1152 Abcaader
399 1091 452 1150 ΠΙ
477 1090 713 1163 coametade'aes,
751 1108 825 1165 qaas
860 1091 953 1150 Teado
985 1091 1017 1150 de
1049 1092 1203 1150 dicacitate
1233 1092 1268 1150 e'a
1302 1091 1372 1150 ailla

207 1199 429 1274 „Marise'aaeffl
451 1197 583 1256 habreerr‘t
606 1202 631 1255 et
652 1196 832 1255 remeastera'o
853 1196 882 1255 S.
907 1197 1066 1272 Geaoaesae
1082 1197 1237 1270 remiserit,
1261 1216 1280 1255 a
1302 1215 1372 1272 qao·
1425 1210 1428 1220 “

207 1323 298 1381 quara
322 1304 443 1364 exerceri
464 1309 507 1362 aet
527 1310 544 1363 t.

392 1424 510 1494 Autogr.
528 1422 558 1476 in
576 1420 663 1476 tabul.
682 1425 739 1474 nat.
759 1421 844 1476 Paris.
864 1421 896 1476 L.
916 1423 966 1475 231
985 1438 1013 1476 n.
1032 1423 1074 1476 59.

186 1583 372 1649 Alexander
395 1584 564 1666 episcopus
589 1603 701 1646 servus
725 1602 890 1646 servorum
909 1582 971 1645 Dei
995 1582 1122 1648 dilectis
1145 1582 1220 1646 filiis
1244 1581 1551 1664 Hugoni1173-74

96 1691 213 1756 abbati
243 1695 276 1754 et
302 1689 458 1754 fratribus
492 1694 602 1754 sancte
626 1687 788 1753 Genovefe
822 1687 961 1756 salutem
989 1694 1022 1752 et
1045 1689 1256 1772 apostolicam
1279 1688 1375 1752 bene·
1418 1671 1538 1731 111¹·28·

97 1798 283 1862 dictionem.
322 1794 511 1862 Continetur
529 1796 564 1858 in
586 1796 706 1877 scripto
730 1794 881 1877 quodam,
906 1794 992 1877 quod
1015 1795 1098 1860 bone
1121 1795 1274 1861 memorie
1288 1793 1375 1858 Hen-

96 1905 207 1989 (ricus)
230 1902 394 1985 quondam
417 1902 618 1968 Francorum
642 1923 699 1966 rex
722 1900 837 1965 fecisse
868 1901 1059 1982 dinoscitur,
1093 1902 1178 1983 quod
1202 1901 1312 1966 'leudo
1336 1901 1375 1964 de

95 2010 283 2091 Firmitate,
308 2031 369 2092 que
393 2009 575 2093 appellatur
588 2008 708 2089 Uroha,
733 2028 842 2071 coram
866 2007 978 2072 eodem
1001 2028 1076 2090 rege
1098 2030 1216 2091 pravas
1244 2028 1376 2072 consue-

96 2117 239 2199 tudines,
273 2137 353 2198 quas
384 2116 417 2178 in
440 2116 518 2179 villa
541 2115 761 2198 apostolorum
783 2113 875 2178 Petri
898 2119 931 2178 et
953 2113 1050 2178 Pauli
1080 2119 1113 2179 et
1136 2119 1247 2179 sancte
1270 2113 1376 2179 Geno-

96 2223 179 2305 vefe,
209 2244 272 2305 que
300 2223 492 2287 Marisiacus
521 2223 720 2302 nominatur,
754 2219 911 2302 habebat,
946 2221 1080 2285 ecclesie
1103 2228 1209 2288 vestre
1241 2221 1375 2285 remisit.

97 2329 180 2393 Inde
204 2336 255 2393 est
278 2329 364 2411 quod
386 2350 444 2393 nos
472 2327 623 2411 precibus
653 2327 770 2391 vestris
797 2327 922 2390 inducti
954 2332 987 2391 et
1015 2325 1112 2392 officii
1141 2329 1244 2393 nostri
1267 2327 1376 2393 debito

96 2437 276 2519 provocati,
310 2435 396 2518 quod
428 2455 525 2517 super
547 2435 598 2498 his
623 2455 732 2498 coram
764 2432 890 2516 prefato
914 2454 998 2516 rege
1026 2433 1148 2498 factum
1177 2440 1241 2516 est,
1270 2441 1397 2499 ratum·

97 2541 258 2606 habemus
282 2547 315 2606 et
337 2540 466 2605 firmum
494 2551 527 2604 et
557 2540 591 2604 id
614 2540 809 2604 auctoritate
834 2540 1012 2622 apostolica
1042 2541 1283 2621 confirmamus,
1317 2540 1376 2604 sub

97 2649 363 2712 interminatione
396 2647 612 2712 anathematis
646 2647 748 2711 artius
780 2645 973 2728 inhibentes,
1006 2668 1046 2711 ne
1080 2648 1152 2730 quis
1175 2649 1209 2711 in
1231 2647 1378 2731 predicta

98 2754 177 2818 villa
201 2754 449 2819 consuetudines
479 2754 563 2835 illas,
597 2774 678 2835 quas
707 2754 862 2834 scriptum
885 2752 1005 2835 prefati
1027 2755 1112 2836 regis
1137 2754 1272 2818 eundem
1295 2753 1377 2818 Teu-

99 2861 218 2926 donem
232 2861 323 2925 vobis
343 2861 485 2925 continet
507 2860 682 2940 remisisse,
703 2859 822 2922 audeat
841 2879 1000 2924 exercere.
1037 2858 1125 2925 Nulli
1149 2883 1225 2944 ergo
1249 2861 1379 2925 omnino

97 2967 266 3032 hominum
288 2967 385 3031 liceat
416 2967 500 3031 hanc
531 2967 685 3049 paginam
716 2970 826 3030 nostre
857 2964 1108 3031 confirmationis
1136 2988 1194 3031 seu
1222 2969 1377 3032 constit-

97 3073 198 3137 tionis
229 3072 403 3156 infringere
431 3073 482 3137 vel
515 3074 544 3137 ei
577 3073 781 3154 aliquatenus
815 3072 984 3136 contraire.
1031 3071 1066 3137 Si
1090 3074 1161 3155 quis
1186 3079 1295 3137 autem
1317 3074 1378 3138 hoc

100 3184 299 3261 attemptare
322 3180 565 3262 presumpserit,
590 3177 845 3260 indignationem
873 3179 1102 3261 omnipotentis
1126 3179 1188 3244 Dei
1212 3187 1245 3244 et
1266 3180 1377 3245 beato-

99 3307 175 3348 rum
193 3284 284 3348 Petri
304 3291 336 3350 et
354 3285 448 3350 Pauli
472 3285 692 3368 apostolorum
717 3285 785 3348 eius
810 3305 844 3348 se
863 3285 990 3350 noverit
1007 3286 1221 3351 incursurum.
1256 3286 1378 3350 Datum

99 3389 250 3472 Anagnia
273 3390 304 3456 V
326 3391 492 3456 Kalendas
511 3391 662 3474 Augusti.

100 3765 187 3831 255.
212 3767 374 3826 Abaaader
396 3768 448 3826 ΙΙΙ
464 3768 607 3844 fratribus
634 3769 876 3828 Claaiaceastbas
896 3769 1042 3845 plausum
1065 3770 1125 3842 dat,
1154 3771 1230 3847 qaod
1247 3769 1378 3846 priorem

215 3873 247 3932 de
274 3874 399 3934 Caritate
420 3875 597 3949 mamistram
624 3882 649 3934 et
672 3876 802 3934 abbatem
824 3875 963 3951 cleperiat.
1013 3877 1070 3935 Oai
1091 3882 1125 3936 at
1147 3877 1288 3949 obediant,
1312 3877 1377 3934 bor-

215 3985 299 4039 lotar.

279 4081 494 4152 Autographum
512 4083 542 4136 in
560 4082 625 4138 bibl.
645 4088 702 4137 nat.
721 4083 807 4137 Paris.
827 4100 878 4137 ms.
897 4083 946 4138 lat.
967 4085 1052 4139 16992
1071 4083 1118 4139 fol.
1139 4083 1198 4138 152.

192 4241 379 4308 Alexander
402 4242 571 4325 episcopus
605 4263 715 4306 servus
746 4264 911 4309 servorum
930 4244 992 4308 Dei
1019 4245 1145 4309 dilectis
1168 4243 1289 4308 filiis..
1314 4245 1377 4325 pri-
1418 4262 1502 4321 1174

103 4348 152 4414 ori
176 4354 210 4412 et
232 4347 388 4413 fratribus
403 4347 668 4414 Cluniacensibus
687 4354 755 4412 tarn
778 4350 812 4413 in
839 4352 946 4433 capite
966 4372 1064 4433 quam
1081 4351 1116 4414 in
1138 4349 1281 4413 menbris
1305 4371 1377 4414 con·
1396 4353 1457 4410 Ian.
1470 4354 1520 4410 24.

104 4454 294 4520 sistentibus
327 4456 465 4520 salntem
498 4461 530 4521 et
563 4455 773 4538 apostohcam
806 4455 1073 4522 benedictionem.
1120 4456 1258 4521 Gratum
1286 4456 1378 4522 nobis

192 4639 205 4664 ⁸
222 4647 294 4686 team
310 4641 354 4686 boc
372 4639 422 4686 loco
441 4647 563 4698 comptas
580 4647 618 4685 eet.
