3336 5184
463 301 649 356 Innocuam
667 313 692 355 11
710 313 877 356 maronae
897 301 955 355 178.
977 301 1027 355 179
1131 283 1134 290 ’
1341 285 1382 346 89

100 463 324 544 praesentiam
348 460 496 543 praelato
515 459 629 525 abbati
652 466 685 524 et
703 459 859 525 fratribus
879 459 919 524 de
945 483 1005 525 sua
1028 459 1230 542 querimonia
1252 479 1383 542 respon·
1441 460 1526 519 1132

101 567 178 632 dere
202 569 324 650 parati.
371 567 438 633 Vos
461 587 537 632 vero
560 588 625 632 non
648 567 781 632 venistis
805 587 865 631 nec
888 567 1052 632 direxistis
1080 565 1299 649 responsales,
1328 565 1385 630 sed
1401 549 1489 608 Marl-
1502 551 1552 608 30·

101 673 165 739 duo
189 674 344 740 monachi
377 695 415 739 ex
447 679 540 756 parte
573 671 806 738 venerabilium
837 673 973 738 fratrum
1001 678 1186 740 nostrorum
1209 672 1385 757 Rtainaldi)

101 781 275 846 Remensis
300 781 536 864 archiepiscopi
567 787 600 845 et
622 781 776 866 Mlilonis)
800 781 1014 846 Tervanensis
1047 781 1190 863 episcopi
1214 801 1253 844 ac
1276 778 1385 844 dilecti

101 886 159 950 filii
190 889 296 952 nostri
315 887 529 973 T(be0derici)
548 887 800 952 Flandrensium
820 889 956 970 comitis,
980 893 1018 953 ut
1041 888 1087 952 eis
1106 887 1268 969 longiores
1293 885 1385 951 dare·

101 1016 173 1058 mus
193 993 355 1077 inducias,
380 995 570 1079 suppliciter
588 1017 646 1060 nos
666 1000 832 1078 rogarunt.
878 994 1024 1076 Quorum
1042 995 1196 1059 nimirum
1215 992 1385 1058 desideriis

102 1107 297 1183 annuentes,
316 1103 457 1167 mediam
470 1102 681 1186 praeteritam
697 1101 1001 1184 quadragesimaml
1019 1101 1111 1168 vobis
1120 1101 1294 1166 terminum
1311 1121 1385 1164 con·

102 1207 281 1272 stituimus.
321 1207 385 1274 Sed
411 1209 564 1290 quoniam
587 1208 621 1273 in
643 1213 752 1273 vestra
780 1210 984 1274 contumacia
1010 1208 1225 1292 perdurantes
1253 1205 1385 1272 obedire

101 1315 225 1379 nostris
250 1315 448 1380 iussionibus
468 1316 719 1399 contempsistis,
743 1337 812 1398 nos,
837 1317 892 1398 qui
911 1316 988 1381 licet
1005 1315 1130 1398 indigni
1152 1314 1223 1380 loco
1243 1313 1273 1378 b.
1294 1313 1385 1378 Petri

102 1421 245 1503 apostoli
268 1421 447 1487 residemus
480 1428 513 1487 et
545 1445 638 1488 suam
661 1423 778 1505 cuique
812 1422 965 1488 debemus
995 1423 1155 1488 iustitiam
1184 1440 1384 1502 conservare,

102 1527 316 1593 Cluniacense
331 1532 562 1595 monasterium
578 1530 618 1595 de
638 1529 772 1595 abbatia
787 1528 820 1595 S.
835 1530 962 1594 Bertini
980 1528 1244 1613 predecessorum
1259 1531 1384 1592 nostro-

1 1703 2 1714 ,
102 1657 175 1699 rum
198 1635 385 1700 inherentes
408 1638 553 1719 vestigiis
576 1637 825 1702 investivimus.²
860 1637 925 1701 Per
943 1636 1123 1720 apostoliea
1141 1636 1240 1718 igitur
1264 1634 1386 1715 scripta

102 1742 310 1806 universitati
323 1748 430 1808 vestre
448 1742 641 1808 mandantes
655 1745 862 1827 precipimus,
878 1745 1032 1827 quatinus
1046 1741 1173 1827 prefato
1187 1740 1254 1807 filio
1273 1746 1385 1806 nostro

101 1847 227 1932 P(etro)
250 1848 364 1914 abbati
386 1850 552 1915 humiliter
574 1851 719 1934 pareatis
747 1856 781 1915 et
806 1851 898 1915 iuxta
921 1852 990 1915 eius
1017 1850 1263 1932 dispositionem
1286 1852 1385 1930 atque

102 1955 277 2019 consilinm
299 1977 431 2038 gravem
455 1962 488 2020 et
510 1957 660 2022 idoneam
679 1978 852 2041 personam
871 1957 962 2023 vobis
985 1959 1019 2021 in
1045 1956 1208 2036 abbatem,
1235 1956 1385 2020 invocata

1 2145 2 2156 ,
102 2061 238 2143 spiritus
268 2063 372 2126 sancti
399 2065 519 2146 gratia,
554 2064 672 2147 eligere
702 2066 883 2130 maturetis.
930 2065 1052 2128 Datum
1085 2063 1171 2146 apud
1200 2062 1385 2146 Vapingum

1 2163 2 2180 ³
101 2167 155 2231 HI
177 2167 256 2232 Kal.
279 2168 414 2252 Aprilis
533 2243 538 2252 ,

101 2366 181 2433 178.
214 2370 404 2430 Innocentius
426 2370 463 2430 II
480 2346 692 2449 archiepiscopo
721 2372 943 2431 Vesontionensi
969 2372 1130 2448 sr'pniyicn,
1161 2371 1292 2430 abbatem
1315 2370 1383 2428 Bel-

215 2495 345 2536 rnensene
373 2483 414 2537 ter
442 2485 603 2552 euocatum,
636 2485 669 2538 nt
699 2480 733 2538 dc
763 2479 940 2571 quibusdem.
966 2479 1205 2556 possessionibus
1235 2477 1385 2536 mnonnis

215 2584 531 2659 Augustodunensibns
553 2586 743 2662 responderet,
767 2586 806 2645 ud
827 2605 888 2645 sese
909 2583 1007 2645 venire
1029 2585 1241 2661 contempsisse,

211 2702 284 2758 Bibl.
293 2703 370 2774 publ.
381 2704 578 2776 Augustodun.
588 2705 648 2760 cod.
659 2707 676 2760 9
691 2723 712 2760 s.
721 2719 849 2760 xl—xn.
868 2705 915 2761 fol.
926 2704 1082 2776 penultimo
1091 2721 1178 2758 manu
1188 2721 1209 2758 s.
1220 2712 1290 2758 xla·

191 2826 400 2893 Innocentius
433 2831 604 2913 episcopus
642 2851 753 2894 servus
790 2851 955 2895 servorum
985 2830 1047 2894 Dei
1079 2827 1257 2893 venerabili
1289 2828 1384 2892 fratri
1405 2839 1514 2896 1130-

1 2946 2 2955 ’
101 2933 283 3020 A(nserieo)
307 2936 478 3002 Bisuntino
503 2936 745 3021 archiepiscopo
774 2938 913 3002 salutem
942 2943 975 3001 et
998 2936 1210 3021 apostolicam
1233 2934 1383 3000 benedic·
1414 2927 1507 2984 1134·

101 3041 234 3105 tionem.
272 3042 479 3108 Balmensem
498 3044 671 3109 abbatem³
693 3045 791 3109 tertio
814 3065 873 3127 per
895 3045 1022 3109 litteras
1047 3043 1260 3124 evocavimus,
1284 3049 1321 3105 ut
1345 3026 1396 3106 de

102 3148 248 3212 ecclesiis
271 3156 305 3214 et
336 3151 432 3214 terris
464 3151 503 3214 de
526 3150 693 3216 Poliniaco
720 3149 927 3215 Eduensibus
961 3152 1124 3217 canonicis
1156 3149 1382 3232 responderet;

101 3260 132 3318 et
155 3256 312 3336 quoniam
335 3257 405 3341 ipse
429 3258 471 3322 ad
493 3279 552 3323 nos
576 3259 685 3323 venire
709 3264 940 3342 contempnens
964 3258 1003 3322 de
1032 3279 1091 3322 sua
1120 3257 1324 3321 contumacia
1352 3259 1384 3318 et

100 3362 252 3426 absentia
274 3363 394 3428 lucrari
418 3386 481 3429 non
507 3364 618 3446 debet,
651 3386 711 3448 per
733 3365 912 3450 apostolica
935 3365 996 3429 tibi
1028 3365 1150 3448 scripta
1177 3363 1383 3447 precipimus,

100 3470 269 3551 quatinus,
299 3471 441 3553 acceptis
465 3469 515 3534 bis
539 3470 673 3553 litteris,
697 3471 867 3536 Eduenses
896 3473 1069 3537 canonicos
1093 3471 1216 3537 eisdem
1240 3468 1384 3535 ecelesiis

98 3583 130 3640 et
152 3576 252 3640 terris
277 3578 365 3642 salvo
385 3578 460 3661 jure
483 3579 614 3662 proprio
635 3627 788 3643 ......
794 3579 809 3620 ¹³

96 3792 179 3859 179.
212 3795 403 3855 Innocentius
425 3796 461 3854 II
483 3798 658 3856 monosterii
683 3797 713 3856 S.
738 3797 869 3857 Rerum
896 3797 1064 3858 Bleeiensr's
1085 3799 1288 3874 possessiones
1317 3816 1383 3855 con-

209 3901 320 3976 firmet.
354 3902 476 3962 Petrum
494 3905 633 3976 abbatem,
654 3911 810 3980 ernerpente
828 3905 984 3964 schismate
1002 3907 1036 3964 in
1055 3906 1216 3965 obedientie
1232 3906 1384 3964 Romnum

209 4007 341 4067 mensiee
357 4010 574 4085 persistentem,
599 4011 706 4070 undet.

259 4127 330 4184 Bibl.
350 4134 407 4184 nat.
427 4129 513 4184 Paris.
533 4147 585 4185 ms.
604 4130 652 4186 lat.
674 4132 760 4185 12773
779 4131 826 4206 Iol.
845 4132 880 4186 66
899 4149 994 4202 apogr.
1013 4131 1080 4185 anni
1099 4149 1122 4186 c.
1144 4131 1220 4186 1680.

185 4253 397 4324 Innocentius
421 4256 591 4340 episeopus
624 4277 735 4320 servus
764 4278 930 4321 servorum
951 4257 1015 4320 Dei
1042 4255 1159 4321 dilecto
1188 4255 1254 4321 filio
1282 4255 1382 4321 Petro
1437 4269 1521 4329 1135

96 4361 211 4425 abbati
240 4360 396 4426 ecclesiae
425 4360 457 4428 S.
481 4362 623 4429 Romani
651 4363 690 4428 de
713 4363 830 4428 Blavia
858 4364 992 4446 eiusque
1023 4362 1264 4427 successoribus
1288 4384 1380 4446 regu-
1399 4360 1487 4420 Mart.
1501 4361 1551 4419 30.

184 4545 197 4570 ⁸
218 4545 281 4590 Mihi
298 4545 362 4591 dedit
380 4547 453 4593 Henr.
475 4548 559 4608 Omont
577 4548 724 4594 Parisiensie.
780 4541 793 4573 ¹³
811 4555 887 4593 cetera
904 4547 992 4606 mre,
1012 4547 1122 4607 irp‘eriore
1132 4546 1196 4605 folii
1210 4553 1279 4604 perte
1298 4547 1379 4596 delete.

187 4645 291 4700 ¹diem
312 4649 344 4702 17
364 4664 400 4701 m.
420 4647 503 4702 Mart.
577 4647 649 4702 'Oi
668 4647 742 4704 Jaffe
759 4647 802 4702 od.
822 4666 863 4719 pr.
883 4649 962 4703 5413.
1036 4646 1232 4722 ⁸Albericum.
