3284 5184
454 341 632 398 Ouaunurrs
650 357 687 397 111
705 355 873 397 nrisronnn
892 342 942 396 391
1271 325 1335 389 239

70 504 271 587 apostolicam
293 502 560 568 benedictionem.
607 501 728 567 Dilecti
750 501 810 566 filii
831 502 935 566 nostri
958 501 1081 566 abbas1
1104 507 1137 567 et
1160 501 1278 567 fratres
1302 501 1334 568 S.
1386 501 1472 560 1188

55 609 206 674 ·Ghisleni
233 610 427 674 transmissa
449 608 543 675 nobis
567 609 798 692 conquestione
830 613 1102 690 monstraverunt,
1134 607 1232 691 quod,
1263 629 1336 673 cum
1353 591 1438 650 Febr·
1451 591 1502 650 23·

70 717 194 781 ecclesia
219 737 331 781 eorum
355 738 394 781 ex
416 716 588 798 largitione
606 717 841 799 imperatorum
860 722 893 781 et
910 737 1024 798 regum
1049 715 1252 810 precinctum
1273 715 1338 780 loci

70 823 228 888 cuiusdam
252 844 272 887 a
295 821 426 887 flumine
449 821 572 887 Wamii
594 843 698 905 usque
728 822 770 885 ad
793 821 974 904 fluviolum,
1003 823 1061 905 qui
1082 820 1235 887 Haneton
1259 821 1336 887 dici-

70 937 123 1011 tur,
144 931 179 993 in
202 930 273 1012 giro
292 950 396 1012 usque
415 928 458 994 ad
477 951 607 1012 aquam,
632 949 716 1011 qnae
734 928 844 993 Haina
862 934 1007 1011 vocatur,
1031 929 1117 993 sicut
1139 933 1208 993 tam
1230 930 1266 992 in
1289 950 1337 993 se-

71 1037 110 1100 dis
140 1036 341 1118 apostolicae
375 1057 473 1118 qnam
504 1037 538 1099 in
575 1036 793 1118 imperatoriis
830 1035 1007 1119 privilegiis
1050 1035 1247 1117 continetur,
1282 1034 1338 1098 diu

70 1143 275 1226 possederunt
303 1144 507 1224 inconcusse,
536 1143 655 1207 nobilis
683 1142 801 1207 mulier
822 1142 979 1228 B(eatrix)
1009 1141 1049 1207 de
1072 1142 1201 1207 Boussu
1224 1145 1338 1206 contra

69 1250 228 1332 privilegia
251 1250 323 1332 ipsa
345 1250 477 1315 veniens
502 1248 663 1331 quaedam
686 1249 720 1312 in
743 1250 944 1332 praescripto
967 1249 1038 1315 loco
1063 1248 1125 1312 sibi
1153 1253 1266 1313 contra
1288 1248 1337 1311 iu-

69 1359 181 1421 stitiam
210 1355 384 1421 vendicare
410 1356 601 1439 praesumit.
648 1355 702 1419 Ad
728 1355 810 1420 haec
838 1377 912 1420 cum
935 1355 975 1421 G.
1005 1354 1169 1437 quondam
1196 1355 1245 1418 vir
1267 1355 1337 1419 eius

69 1463 95 1526 in
116 1471 205 1527 curte
231 1483 301 1544 sua,
321 1483 405 1544 quae
428 1463 462 1526 in
480 1462 635 1546 parochia
653 1460 895 1546 praedictorum
913 1462 1052 1526 fratrum
1072 1462 1230 1543 consistit,
1250 1461 1338 1526 aedi·

70 1568 187 1633 fioasset
213 1569 373 1651 capellam
397 1574 430 1632 et
453 1591 589 1634 assensu
612 1568 742 1633 abbatis
767 1574 800 1632 et
822 1568 960 1633 fratrum
983 1570 1128 1651 ipsorum
1152 1589 1211 1651 per
1232 1567 1338 1633 bonae

69 1677 235 1741 memoriae
267 1673 457 1741 Samsonem
487 1674 682 1740 Remensem
716 1673 880 1756 quondam
912 1675 1191 1758 archiepiscopum
1222 1673 1339 1738 fuisset

70 1785 93 1844 ei
109 1783 319 1866 cappellanus
339 1802 521 1863 concessus,
542 1781 726 1848 conditione
745 1782 804 1846 tali
828 1782 966 1863 adiecta,
985 1781 1136 1845 videlicet
1160 1779 1248 1863 quod
1264 1801 1338 1845 con·

70 1894 111 1952 tra
132 1887 386 1972 prohibitionem
408 1889 568 1972 praedicti
593 1887 723 1952 abbatis
748 1887 857 1953 divina
875 1890 909 1952 in
928 1909 967 1954 ea
989 1910 1055 1954 non
1073 1887 1208 1952 deberet
1231 1885 1339 1953 officia

70 1994 240 2075 celebrare,
273 1995 389 2058 mulier
418 1994 568 2077 praefata
597 2001 711 2059 contra
737 1994 799 2059 hoo
827 1995 936 2058 venire
960 2017 1024 2061 non
1047 1994 1200 2059 dubitans
1229 1994 1263 2057 in
1286 2015 1338 2057 oa-

70 2101 143 2182 pella
164 2102 241 2184 ipsa
264 2100 455 2183 prohibente
481 2101 601 2166 abbate
621 2101 729 2164 divina
748 2100 827 2164 facit
845 2099 953 2165 officia
972 2100 1139 2165 celebrari.
1179 2098 1259 2165 Cum
1277 2101 1338 2164 ita-

71 2228 121 2287 que
143 2206 234 2272 sedis
258 2207 456 2289 apostolicae
484 2208 653 2290 privilegia
682 2212 873 2290 perpetuam
900 2213 1011 2272 tenere
1040 2207 1181 2272 debeant
1203 2205 1339 2271 firmita-

70 2319 133 2394 tem,
162 2314 312 2379 volentes
345 2312 498 2379 abbatem
529 2316 636 2398 ipsum
660 2319 693 2378 et
719 2313 838 2378 fratres
865 2314 900 2377 in
923 2335 983 2378 sua
1005 2315 1136 2378 iusticia
1159 2314 1337 2395 confovere,

70 2417 249 2485 discretioni
271 2425 398 2484 vestrae
416 2441 476 2504 per
494 2420 674 2504 apostolica
694 2421 816 2503 scripta
835 2421 1037 2502 mandamus,
1062 2426 1223 2503 quatenus
1245 2442 1339 2504 prae-

71 2524 159 2590 latam
191 2525 363 2591 mulierem
387 2527 428 2592 ab
452 2527 599 2591 indebita
630 2526 760 2604 abbatis
792 2532 825 2591 et
854 2525 991 2612 fratrum
1020 2549 1117 2611 super
1144 2527 1225 2608 hiis,
1255 2547 1339 2610 quae

71 2632 291 2714 praediximus,
316 2639 349 2697 et
372 2633 445 2697 aliis
464 2634 635 2698 vexatione
660 2632 828 2714 desistere,
852 2654 911 2716 per
934 2633 1169 2699 districtionem
1189 2634 1339 2698 ecclesia-

70 2739 172 2802 sticam
196 2737 329 2804 sublato
353 2740 580 2823 appellationis
610 2739 741 2821 diffugio
766 2739 982 2822 compellatis,
1015 2741 1113 2805 nullis
1140 2740 1259 2807 litteris
1284 2740 1339 2806 ob-

71 2845 235 2926 stantibuS,
260 2845 288 2909 si
312 2867 396 2928 quae
419 2847 630 2930 apparuerint
657 2846 720 2909 hiis
751 2847 861 2910 tacitis
894 2868 914 2910 a
938 2848 1014 2912 sede
1038 2847 1217 2931 apostolica
1239 2848 1340 2930 impe-

70 2954 173 3016 tratae.
226 2949 320 3033 Quod
344 2953 371 3016 si
395 2975 506 3018 omnes
529 2953 592 3017 hiis
617 2952 815 3035 exequendis
839 2954 1049 3035 nequiveritis
1073 2955 1245 3035 interesse,
1276 2953 1339 3018 duo

71 3064 204 3123 vestrum
230 3079 268 3122 ea
291 3058 500 3124 nihilominus
524 3065 736 3142 exequantur.
783 3058 907 3124 Datum
930 3059 1088 3124 Laterani
1111 3059 1165 3124 ΙΠ
1179 3059 1339 3125 Calendas

71 3161 179 3246 Martii,
207 3164 416 3248 pontificatus
440 3167 544 3231 nostri
568 3187 653 3231 anno
677 3167 791 3249 primo.

71 3412 141 3481 391.
169 3419 307 3478 Olcnccas
329 3419 381 3478 ΙΙΙ
398 3420 475 3479 iata
497 3421 714 3479 monsterium
739 3419 769 3479 S.
797 3420 914 3479 Gtslcac'
932 3427 957 3479 ct
980 3419 1142 3478 Bcatrt'ccm
1165 3420 1199 3479 dc
1220 3420 1342 3479 Boussu

169 3532 271 3585 actum
294 3545 313 3584 c
330 3527 464 3601 dalmatis
486 3527 654 3602 apostolicis
681 3545 770 3602 sapor
790 3527 1032 3602 possessionibus
1055 3525 1234 3604 quibusdam
1264 3528 1341 3586 arbi·

170 3633 266 3710 trt'aqn
282 3632 396 3707 probat.

238 3733 309 3788 Bibl.
328 3739 385 3788 nat.
404 3733 491 3788 Paris
510 3752 562 3788 ms.
581 3734 631 3789 lat.
652 3734 746 3790 12674.
772 3734 820 3790 fol.
840 3735 913 3790 2111).
942 3753 1028 3790 manu
1047 3752 1069 3789 s.
1087 3747 1166 3790 XVII.

150 3874 299 3940 Clemens
332 3877 502 3959 episcopus
534 3898 645 3941 servus
679 3899 844 3942 servorum
867 3877 930 3942 Dei
953 3877 1080 3942 dilectis
1108 3877 1184 3941 filiis
1209 3877 1341 3942 abbati2
1382 3890 1467 3949 1188

74 3983 101 4040 et
122 3983 291 4047 conventui
314 3981 425 4047 Sancti
449 3982 597 4048 Ghisleni
622 3985 761 4049 salutem
786 3988 819 4049 et
838 3984 1051 4067 apostolicam
1070 3984 1338 4049 benedictionem.
1359 3965 1489 4039 Iun-⁸15·

74 4081 124 4167 Ea,
143 4109 227 4170 quae
242 4110 262 4152 a
276 4088 369 4154 nobis
388 4091 515 4155 ratione
533 4091 667 4173 praevia
686 4096 891 4173 expetuntur,
912 4091 1019 4156 animo
1037 4113 1096 4156 nos
1116 4091 1209 4155 decet
1227 4089 1343 4154 libenti

74 4194 239 4259 concedere
263 4199 296 4258 et
318 4193 434 4260 effectu
451 4202 669 4279 prosequente
688 4198 859 4281 complere.
894 4195 974 4260 Cum
992 4198 1104 4280 itaque
1123 4218 1232 4277 causa,
1258 4217 1342 4278 quae
1407 4220 1410 4228 ’

74 4296 148 4362 inter
171 4302 342 4366 ecclesiam
365 4308 508 4367 vestram
532 4307 566 4366 et
588 4302 731 4367 nobilem
749 4303 918 4368 mulierem
931 4302 1138 4389 B(eatricem)
1158 4302 1198 4367 de
1213 4301 1343 4368 Boussu

77 4421 161 4486 super
193 4407 388 4490 quibusdam
415 4395 531 4491 terris,
564 4409 760 4491 redditibus,
791 4408 977 4476 hominibus
1006 4414 1038 4474 et
1062 4410 1156 4491 aquis
1183 4408 1342 4474 hactenus

77 4511 265 4595 vertebatur,
296 4536 354 4597 per
387 4515 553 4599 delegatos
584 4516 708 4580 iudices
732 4537 771 4580 ex
796 4515 999 4598 delegatione
1030 4515 1115 4579 sedis
1143 4515 1343 4599 apostolicae

155 4673 356 4730 ¹Lambertus.
431 4676 617 4732 ²Lamberto.
