3336 5184
475 303 480 314 ⁵
528 325 664 380 Enormi
681 339 719 379 111
736 337 904 380 mrsromn
923 326 975 381 203
1326 311 1388 373 107

107 482 294 547 rationibus
318 489 351 548 et
373 484 446 548 aliis
474 485 622 568 pluribus
650 505 690 549 ex
711 489 852 567 utraque
874 490 968 568 parte
991 485 1156 568 inspectis,
1181 486 1389 550 iamdictam
1441 485 1526 544 1148

109 586 143 654 S.
169 588 349 654 Salvatoris
373 590 542 656 ecclesiam
574 611 648 655 cum
680 591 828 656 omnibus
860 589 902 654 ad
935 611 1007 656 eam
1034 593 1272 676 pertinentibus
1297 573 1544 658 vobisAP1·12·

109 702 144 760 et
176 701 285 761 vestro
317 698 513 762 monasterio
551 697 780 762 adiudicarunt
817 701 850 760 et
885 698 1060 779 praedictis
1097 699 1260 765 canonicis
1293 719 1391 782 super

109 802 226 867 eadem
250 824 349 868 causa
371 808 564 887 perpetuum
588 804 752 870 silentium
779 803 975 868 indixerunt.
1031 804 1099 871 Nos
1122 811 1247 888 autem,
1272 804 1390 888 quibus

109 931 129 974 a
153 908 226 974 Deo
250 914 300 973 est
323 931 475 975 concessa
497 915 653 993 potestas,
677 910 763 974 male
782 915 856 976 acta
879 911 1039 994 corrigere
1068 917 1101 976 et
1127 911 1210 976 bene
1239 910 1390 977 acta'fir-

108 1037 212 1098 mare,
238 1015 393 1081 iudicium
415 1017 522 1100 ipsum
547 1015 658 1081 datum
682 1037 702 1080 a
724 1017 900 1099 praedictis
924 1016 998 1081 filiis
1022 1017 1142 1083 nostris
1170 1017 1391 1083 cardinalibus

109 1123 342 1189 confirmamus
370 1128 403 1187 et
429 1124 463 1187 in
490 1128 683 1206 perpetuum
715 1122 839 1204 absque
870 1121 1088 1205 refragatione
1119 1130 1226 1189 ratum
1259 1145 1391 1190 manere

108 1230 323 1296 decrevimus.
369 1227 404 1295 Si
432 1229 504 1312 quis
538 1234 647 1295 autem
674 1229 770 1295 huius
797 1235 928 1295 nostrae
956 1228 1209 1296 confirmationis
1238 1231 1391 1315 paginam

109 1337 220 1401 sciens
243 1342 320 1401 etc·

202 1435 252 1524 (fn
274 1448 332 1506 eod.
356 1448 490 1507 additum
513 1449 573 1525 eat.)
616 1448 661 1507 De
683 1447 737 1506 hac
758 1466 789 1506 re
811 1447 911 1506 scibit
934 1447 1022 1506 6111116
1041 1447 1171 1524 episcch
1189 1447 1392 1524 Maqaovaast

108 1561 135 1614 61
158 1554 293 1628 mandat,
325 1561 359 1614 61
388 1554 574 1614 Actaeonem
604 1554 639 1613 io
664 1553 883 1632 possessionem
914 1553 1094 1613 indecenter
1125 1561 1152 1614 'ct
1180 1561 1391 1616 conserventur.

1 1749 2 1752 Ἴ
109 1655 235 1720 Datum
259 1655 371 1720 Remis
395 1653 430 1719 Π
452 1654 532 1719 Idus
555 1653 688 1736 Aprilis.

646 1819 859 1827 —————

110 1962 204 2028 203.
223 1963 378 2038 1169611166
399 1960 451 2021 ΙΙΙ
469 1962 625 2038 confirmat
647 1962 853 2021 sublationem
881 1962 1069 2021 6661161666
1100 1963 1286 2040 quorundam
1313 1962 1393 2038 optut

224 2069 348 2128 Fontem
375 2069 503 2128 Gcfrcrdt'
524 2068 695 2142 6166611616,
720 2069 958 2144 pulsatamque
981 2069 1070 2143 boae,
1102 2088 1226 2128 6666666
1254 2069 1392 2128 Wilolmt

225 2175 352 2252 episcopi
379 2175 619 2248 Cenomanensis
642 2174 945 2234 116161161666616116
968 2175 1147 2234 dediderint.

279 2294 351 2349 Bibl.
370 2298 427 2350 nat.
447 2293 533 2348 Paris.
553 2311 604 2349 ms.
623 2294 672 2348 lat.
693 2292 781 2348 12880
799 2293 845 2349 fol.
866 2295 924 2349 196.
954 2293 1071 2365 Scripsit
1088 2293 1222 2349 Mertene.

202 2455 369 2538 Eugenius
401 2455 571 2539 episcopus
604 2474 715 2518 servus
748 2474 913 2519 servorum
936 2452 999 2519 Dei
1036 2455 1160 2519 dilectis
1188 2452 1263 2518 filiis
1287 2452 1392 2518 Guar-
1445 2462 1529 2521 1148

110 2564 204 2628 66116
228 2561 342 2626 abbati
363 2561 496 2626 Maioris
528 2560 718 2626 monasterii
750 2559 883 2642 eiusque
911 2559 1067 2626 fratribus
1090 2561 1229 2626 salutem
1252 2566 1285 2625 et
1317 2551 1547 2643 apo-AP1·16·

111 2669 264 2734 stolicam
298 2667 565 2733 benedictionem.
626 2664 906 2748 Quemadmodum
938 2667 1134 2750 apostolicae
1168 2668 1252 2732 sedis
1281 2672 1391 2732 aucto·

111 2778 196 2841 ritas
219 2774 320 2838 habet
342 2773 445 2838 maleb
468 2781 542 2838 acta
561 2773 731 2855 corrigere,
755 2773 803 2836 ita
826 2773 971 2838 eiusdem
990 2779 1040 2837 est
1058 2773 1140 2838 bene
1159 2780 1234 2838 acta
1253 2773 1392 2838 firmare.

112 2883 165 2948 Ex
201 2881 320 2946 litteris
348 2879 509 2963 siquidem
535 2878 730 2944 venerabilis
757 2878 867 2943 fratris
905 2881 1008 2945 nostri
1039 2878 1219 2965 Wpllelmi)
1252 2879 1394 2964 episcopi

113 2987 390 3054 Cenomannensis
408 2985 617 3069 inspeximus,
643 2986 729 3068 quod
749 2985 882 3068 quidam
905 2986 1051 3051 homines
1076 2985 1163 3068 apud
1177 2985 1316 3052 Fontem
1330 2985 1393 3051 Ge·

112 3094 210 3160 hardi
233 3095 433 3176 habitantes,
461 3094 591 3158 6616166
613 3091 805 3174 heremitae,
831 3093 889 3156 sed
911 3092 1002 3156 nulla
1020 3092 1241 3157 ecclesiastica
1264 3092 1315 3156 vel
1337 3113 1394 3175 pa-

113 3209 203 3267 trum
226 3201 429 3266 institutione
451 3199 617 3281 vivebant,
652 3198 769 3282 quibus
797 3198 929 3262 tandem
953 3198 1106 3262 divinitus
1135 3198 1301 3280 inspiratis
1319 3197 1393 3281 ‚pla-

115 3310 193 3392 cuit,
227 3314 264 3372 ut
296 3308 356 3372 sub
388 3311 549 3390 potestate
582 3304 719 3369 fratrum
749 3305 883 3370 Maioris
916 3305 1106 3369 monasterii
1137 3304 1330 3386 regulariter
1363 3309 1396 3367 et

115 3416 265 3483 ordinate
287 3413 427 3480 Domino
455 3412 655 3478 deservirent
687 3417 720 3475 et
748 3417 817 3475 tam
845 3431 880 3475 se
907 3432 1005 3492 quam
1034 3432 1093 3475 sua
1120 3431 1232 3475 eorum
1260 3410 1395 3476 arbitrio

116 3529 149 3587 et
173 3521 377 3606 dispositioni
407 3521 654 3586 committerent.
701 3517 825 3583 Eorum
852 3517 964 3599 itaque
991 3517 1156 3600 proposito
1181 3521 1213 3580 et
1235 3515 1395 3580 voluntati

115 3628 284 3714 praefatus
299 3626 549 3694 Cenomanensis
569 3625 739 3709 episcopus
758 3624 909 3708 praebuit
928 3644 1096 3688 assensum
1116 3627 1148 3687 et
1170 3623 1262 3686 iuxta
1284 3627 1395 3688 votum

118 3757 245 3818 eorum,
284 3733 370 3816 quod
402 3733 561 3815 fecerant,
599 3732 793 3814 scriptorum
830 3751 962 3795 suorum
993 3729 1149 3794 memoria
1182 3727 1394 3793 confirmavit.

116 3841 258 3907 Nomina
284 3861 359 3906 vero
384 3861 509 3921 eorum,
543 3858 627 3921 quae
651 3835 798 3921 praefato
821 3837 1020 3901 monasterio
1049 3834 1268 3915 contulerunt,
1301 3854 1394 3917 prae-

118 3948 203 4012 senti
228 3948 349 4031 pagiua
381 3946 531 4010 duximus
564 3943 763 4010 annotanda:
797 3941 885 4008 Fons
914 3941 1073 4022 Gabardi,
1106 3941 1200 4005 Mons
1225 3939 1394 4022 Guidonis,

117 4054 446 4136 Linee,Hemena1t,
471 4051 649 4135 Sapientia,
674 4055 787 4115 sancta
810 4049 953 4114 Trinitas
978 4047 1017 4112 de
1040 4047 1152 4128 Palea,
1177 4045 1209 4110 S.
1233 4046 1395 4111 Martinus

118 4161 159 4224 de
182 4159 306 4241 Sezeio,
329 4159 453 4224 Boscus
477 4157 624 4239 Roberti,
647 4155 848 4239 Mcxgirard,
872 4155 999 4220 Lahaia
1022 4155 1062 4218 de
1085 4152 1276 4235 Ingrandia,
1301 4152 1394 4217 Elee-

118 4288 254 4350 mosyna
284 4267 323 4331 de
347 4264 513 4346 Pomario,
547 4286 645 4347 quam
669 4261 739 4328 Ode
768 4262 807 4326 de
831 4261 1013 4326 Raderaria
1043 4259 1147 4341 dedit,
1181 4257 1244 4323 duo
1266 4258 1339 4323 loca
1361 4259 1396 4322 in

118 4372 262 4455 Andera,
286 4373 410 4437 scilicet
432 4371 464 4437 S.
490 4370 666 4453 Gregorius
691 4370 730 4434 de
754 4367 890 4450 Stagno,
915 4367 993 4432 Doit
1015 4364 1171 4430 Parfund.
1217 4364 1309 4429 Haec
1336 4366 1394 4448 igi-

117 4483 183 4561 tur,
207 4477 479 4562 quemadmodum
502 4499 522 4542 a
544 4476 719 4560 praedictis
750 4474 933 4540 hominibus
965 4471 1056 4537 vobis
1080 4491 1233 4536 concessa
1257 4476 1332 4535 sunt
1363 4474 1396 4534 et

207 4664 219 4688 ⁸
237 4662 271 4709 cic
289 4662 341 4710 cod.
375 4661 431 4708 Vide
446 4662 515 4720 siriam
532 4661 645 4721 6666661111
662 4658 778 4718 apuam.
851 4650 864 4683 b
882 4654 951 4702 mala
967 4656 1020 4702 cod.
