3336 5184
318 295 381 356 172
700 308 890 362 1111111111
907 322 944 362 111
961 322 1128 364 nrrsronnn
1148 309 1200 363 298

143 467 296 526 1178-79
316 469 451 534 eandem
474 468 522 532 illi
545 468 764 552 praebendam
797 469 965 534 occasione
998 475 1030 532 et
1061 469 1281 552 appellatione
1308 470 1490 552 postposita
1519 492 1601 536 con-

152 557 274 616 2·Mffl³⁶·
317 575 457 656 ferretis,
491 581 679 658 preceptum
706 580 852 639 nostrum
879 575 1011 638 minime
1034 574 1250 658 adimplestis,
1275 575 1388 647 sedin
1412 578 1600 642 excusatio·

316 703 390 745 nem
413 688 554 745 vestram
579 681 799 762 asseverastis,
825 680 920 762 quod,
945 702 1096 763 cumpro
1115 686 1232 764 nepote
1256 681 1365 745 dilecti
1388 681 1456 764 filii,
1481 682 1601 748 fratris

264 859 272 867 ,
315 787 353 852 F.
379 778 548 852 camerarii
581 787 693 868 nostri,
717 808 830 870 preces
853 787 1068 870 porreximus,
1102 788 1135 852 in
1158 788 1276 853 litteris
1300 788 1422 853 eisdem
1444 791 1601 873 promisi-

315 915 397 974 mus,
423 894 518 976 quod,
544 894 571 957 si
594 915 652 958 nos
677 893 874 958 exaudiretis
898 893 1022 957 ineius
1046 893 1242 977 receptione,
1265 916 1321 959 vos
1341 916 1438 977 super
1455 895 1601 979 preben-

317 999 366 1063 dis
390 999 591 1064 conferendis
614 1000 745 1064 minime
769 1000 904 1064 ulterius
928 1020 1124 1082 cogeremus.
1170 999 1330 1081 Quoniam
1353 1002 1452 1084 igitur
1474 1003 1599 1086 imper-

269 1171 271 1174 .
317 1105 436 1170 sectum
459 1107 600 1189 relinqui
622 1099 782 1187 nolumus,
807 1106 893 1188 quod
912 1127 970 1188 pro
990 1105 1103 1171 eodem
1118 1101 1171 1171 W.
1193 1107 1341 1171 duximus
1364 1107 1600 1190 inchoandum,

316 1213 487 1295 presertim
511 1234 584 1276 cum
608 1233 681 1276 eum
709 1217 742 1277 et
768 1213 938 1277 literature
967 1217 1000 1276 et
1027 1214 1280 1278 conversationis
1309 1235 1365 1278 sue
1393 1213 1530 1278 obtentu
1555 1215 1600 1280 ad

316 1319 531 1402 prescriptum
563 1318 755 1382 beneficium
788 1317 998 1382 obtinendum
1031 1319 1110 1383 satis
1139 1320 1290 1384 idoneum
1318 1320 1506 1385 estimemus
1536 1343 1601 1386 nec

318 1430 429 1490 contra
461 1425 657 1507 promissum
688 1431 835 1490 nostrum
868 1425 1016 1490 duximus
1049 1425 1180 1490 levitate
1212 1426 1359 1508 qualibet
1389 1427 1599 1508 veniendum,

318 1531 504 1595 discretioni
523 1537 628 1596 vestre
646 1551 705 1614 per
724 1531 903 1614 apostolica
922 1532 1042 1615 scripta
1060 1533 1267 1615 precipiendo
1293 1533 1494 1615 mandamus,
1516 1557 1600 1618 qua-

318 1638 425 1701 tinus⁸
448 1636 610 1720 prefatum
632 1638 684 1702 W.
711 1637 963 1702 contradictione
987 1644 1020 1702 et
1043 1638 1261 1722 'appellatione
1285 1646 1430 1705 cessante
1458 1643 1600 1725 recipia-

316 1745 359 1808 tis
382 1745 416 1807 in
440 1743 587 1824 fratrem,
615 1745 828 1827 prescriptam
857 1744 886 1807 ei
909 1742 1106 1826 prebendam
1136 1744 1290 1812 dilatione
1313 1747 1496 1830 postposita
1521 1769 1600 1813 con-

317 1849 467 1931 ferentes,
491 1849 542 1914 vel
565 1849 692 1914 litteras
715 1849 868 1931 bullatas,
893 1872 974 1932 quas
997 1851 1030 1914 in
1054 1852 1294 1917 excusationem
1318 1859 1458 1917 vestram
1483 1854 1599 1920 obten-

319 1956 409 2037 ditis,
447 1956 625 2020 venerabili
656 1955 750 2020 fratri
781 1962 892 2022 nostro
924 1957 1077 2021 Remensi
1114 1958 1355 2042 archiepiscopo
1363 1965 1384 2042 1,
1417 1962 1599 2043 apostolice

319 2062 403 2126 sedis
426 2063 548 2144 legato,
581 2083 654 2126 cum
682 2061 723 2126 ab
752 2083 789 2127 eo
813 2061 939 2126 fueritis
961 2065 1120 2146 requisiti,
1145 2065 1215 2129 sine
1239 2065 1493 2131 contradictione
1518 2090 1600 2150 qua-

317 2169 398 2233 libet
422 2170 600 2233 ostendatis
626 2169 729 2250 eique,
754 2168 781 2231 si
804 2169 983 2251 prescripte
1007 2169 1114 2235 littere
1133 2170 1230 2234 huius
1253 2165 1431 2255 receptioni
1452 2195 1518 2237 non
1542 2175 1601 2239 ob-

318 2275 421 2357 viant,
453 2274 618 2340 humiliter
641 2275 793 2357 pareatis,
822 2275 869 2338 ita
899 2276 984 2357 quod
1009 2282 1229 2360 contemptum
1252 2278 1397 2342 mandati
1425 2281 1601 2364 apostolici

318 2382 440 2446 tociens
464 2381 585 2445 factum
609 2403 629 2446 1
652 2381 742 2446 vobis
765 2383 929 2464 requirere
954 2383 1132 2447 districtius
1155 2406 1220 2448 non
1244 2405 1405 2466 cogamur.

317 2862 405 2928 298.
429 2864 592 2923 Alexander
614 2864 665 2923 ΙΙΙ
687 2865 807 2924 midam
839 2865 1108 2925 archidiaconatum
1140 2867 1356 2927 Coveatreuscm
1384 2888 1418 2928 ue
1438 2871 1599 2946 priuilepm

428 2971 571 3047 quaedum
593 2971 704 3030 11111111.

423 3089 491 3160 Reg.
510 3090 590 3145 Alex.
609 3090 706 3161 fragm.
726 3107 768 3160 ep.
788 3091 813 3157 6,
832 3090 861 3144 in
880 3089 938 3144 eod.
958 3091 1027 3146 Coll.
1046 3092 1173 3147 Trinitat.
1185 3091 1344 3164 cantabrig.
1362 3093 1396 3147 R.
1408 3095 1432 3149 9.
1444 3096 1485 3149 17.

829 3197 850 3233 1.
870 3180 982 3234 1111101.
1002 3180 1074 3235 109¹).

132 3353 297 3430 1178-79,
405 3355 619 3421 Sacrosanota
638 3361 698 3419 etc.
744 3355 935 3439 Specialiter
954 3363 1062 3421 autem
1082 3357 1378 3424 archidiaconatum
1399 3358 1597 3425 Coventren-
1659 3389 1660 3428 l

317 3483 384 3526 sem
408 3484 481 3526 oum
505 3462 591 3527 omni
614 3462 800 3544 integritate
820 3484 880 3527 sua
903 3485 922 3527 a
941 3463 1117 3527 venerabili
1136 3464 1237 3528 fratre
1256 3471 1366 3530 nostro
1382 3463 1596 3531 Coventrensi
1659 3443 1660 3460 ¹

316 3569 486 3651 episcopo²
509 3568 570 3632 tibi
593 3569 756 3649 collatum,
777 3568 860 3633 siout
879 3568 1015 3633 eundem
1035 3575 1255 3635 antecessores
1275 3571 1324 3635 sui
1341 3593 1487 3654 unquam
1509 3573 1595 3637 inte-

315 3675 403 3757 grius
428 3680 460 3739 et
482 3673 616 3738 liberius
640 3676 853 3758 possederint,
878 3675 1040 3740 devotioni
1064 3682 1124 3739 etc.
1152 3675 1389 3742 confirmamus.
1436 3678 1596 3744 Preterea

314 3780 416 3845 libere
440 3781 500 3845 tibi
523 3780 630 3862 liceat,
655 3782 764 3845 sedem
788 3781 1001 3864 apostolicam
1030 3803 1126 3865 super
1154 3783 1240 3847 omni
1267 3785 1451 3866 gravamine
1480 3787 1594 3867 appel-

314 3887 392 3952 lare.
438 3886 577 3970 Insuper
601 3877 795 3953 airotoritate
824 3888 1001 3970 apostolica
1029 3908 1211 3970 censemus,
1244 3911 1285 3954 ne
1309 3891 1360 3954 cui
1388 3890 1499 3972 liceat,
1530 3891 1594 3956 tibi
1659 3957 1660 3980 ,

314 3995 365 4058 vel
389 3971 513 4057 clericis
537 3995 602 4058 tuis
627 3995 811 4058 exactiones
839 3995 1017 4076 imponere,
1046 4015 1109 4075 que
1138 3997 1299 4061 canonicis
1327 3996 1460 4061 obvient
1487 4003 1592 4061 statu·
1659 4041 1660 4048 .

314 4101 371 4181 tis,
405 4120 509 4182 neque
541 4100 575 4162 in
607 4105 640 4163 te
667 4099 717 4164 vel
746 4100 879 4164 clericos
902 4105 975 4165 tuos
1000 4099 1123 4182 absque
1147 4101 1319 4166 manifesta
1347 4108 1380 4167 et
1402 4103 1592 4168 rationabili

315 4228 414 4271 011111
437 4205 630 4270 sententiam
650 4207 903 4270 ecclesiasticam
926 4207 1140 4289 promulgare.

403 4425 466 4471 ‘sic
483 4424 589 4484 supplevi
604 4425 704 4471 codicis:
722 4423 747 4472 d.
766 4438 790 4471 v.
811 4439 835 4484 p.
855 4437 877 4471 a.
896 4438 916 4471 s.
935 4427 961 4487 ῑ).
980 4438 1014 4472 m.
1033 4439 1057 4486 q.

405 4542 587 4608 ²Willelmo,
610 4542 656 4598 cui
677 4541 742 4597 inde
765 4559 783 4596 1
809 4541 854 4598 die
878 4543 1096 4599 ululamina
1120 4544 1220 4600 titulus
1248 4545 1419 4616 „presbyteri
1440 4545 1589 4602 cardinalis

316 4629 344 4686 S.
364 4630 502 4686 81111111α
521 4629 588 4684 addi
607 4631 684 4686 solet.
721 4630 763 4685 cf.
783 4647 868 4702 supra
885 4650 912 4703 p.
933 4633 984 4688 162
1003 4637 1059 4688 not.
1080 4633 1104 4686 2.
1179 4633 1352 4690 'Richardu
