3296 5178
277 304 319 365 44
609 317 799 371 Anxxxunnr
817 331 842 370 11
859 329 1026 370 urrsronrn
1043 315 1086 370 84.
1115 316 1158 372 85.
1188 315 1224 371 86

118 479 395 543 106301.1ude0s
419 479 487 543 sine
512 499 611 542 causa
634 478 807 560 adgravari
829 498 894 541 non
918 476 1140 559 adquievistis.
1185 477 1355 541 Monemus
1379 477 1492 557 etiam,
1524 483 1564 541 ut

277 585 403 667 dehinc,
429 586 456 650 si
480 606 561 668 opus
585 585 693 666 fuerit,
719 583 817 648 simili
839 582 935 648 modo
959 582 1097 648 faciatis.

276 854 338 920 84.
366 857 530 915 Alexander
552 857 587 916 ΙΙ
606 856 747 932 episeopis
779 855 946 915 Gorstcarrt's
972 855 1135 930 aptificat,
1164 855 1364 914 ordinandam
1392 856 1565 932 episcoprum

365 963 528 1022 electionem
546 982 639 1022 raom
656 963 780 1038 probare
798 963 901 1020 debere.
934 961 1089 1038 Praecipit,
1113 967 1147 1020 ut
1165 962 1328 1021 iohannem
1350 963 1469 1022 etcotwm
1491 981 1565 1021 cum

367 1069 486 1128 testibus
508 1089 542 1128 oc
565 1070 668 1129 litteris
691 1069 730 1128 ud
751 1087 812 1128 sese
834 1069 961 1127 mittant.

366 1187 436 1242 Ooll.
455 1189 522 1244 Brit.
542 1188 621 1243 Alex.
641 1204 683 1259 ep.
694 1188 738 1255 62,
756 1187 785 1243 in
805 1187 865 1242 cod.
875 1187 950 1242 Mus.
960 1186 1029 1241 Brit.
1040 1185 1114 1242 Add.
1124 1186 1194 1241 8873
1214 1205 1235 1242 s.
1246 1201 1296 1242 ΧΠ
1313 1187 1351 1242 in.
1364 1186 1479 1242 tolose.

120 1349 203 1408 1063
215 1370 257 1409 ex.
365 1348 538 1432 Episcopis
553 1348 693 1414 Corsica
722 1347 794 1430 Ille,
814 1348 871 1430 qui
885 1347 1082 1413 ordinandus
1103 1353 1153 1412 est
1168 1348 1348 1432 episcopus,
1369 1348 1564 1413 electionem

278 1476 369 1538 suam
393 1456 558 1538 presentia
582 1455 661 1520 cleri
684 1461 717 1519 et
735 1455 847 1538 populi
872 1454 969 1519 debet
994 1454 1177 1538 approbare
1201 1455 1297 1518 acin
1321 1456 1564 1520 examinatione

278 1583 337 1626 sua
361 1561 537 1643 decretum,
562 1563 595 1625 in
616 1584 679 1644 quo
700 1560 933 1636 affirmationes
957 1560 1148 1626 clericorum
1172 1562 1408 1644 contineantur,
1434 1561 1561 1627 offerre.

365 1667 459 1733 Item.
506 1668 541 1734 si
563 1668 752 1734 melioribus
777 1668 816 1731 de
841 1667 927 1732 clero
951 1672 984 1730 et
1007 1668 1126 1750 populo
1150 1667 1264 1733 electio
1288 1666 1443 1734 iohannis
1471 1690 1562 1753 pres-

277 1775 374 1840 biteri
397 1775 567 1858 placuerit,
591 1775 698 1857 ipsum
722 1796 795 1840 cum
819 1773 943 1839 idoneis
967 1773 1106 1838 testibus
1130 1773 1281 1838 videlicet
1300 1775 1378 1840 oleri
1398 1781 1431 1840 et
1448 1776 1563 1859 populi

276 1902 402 1970 necnon
433 1882 552 1946 litteris
580 1882 710 1963 vestris,
744 1882 778 1945 in
806 1881 924 1963 quibus
957 1881 1135 1944 aecclesiae
1167 1881 1316 1946 voluntas
1350 1881 1561 1965 significetur,

278 1987 420 2070 dirigite,
455 1989 609 2070 quatinus
642 1988 880 2053 ordinationem
913 1987 1000 2051 illius
1033 1989 1117 2076 iuste
1151 1991 1184 2050 et
1214 1989 1366 2054 canonice
1395 1989 1564 2054 celebrare

277 2093 452 2159 valeamus.

277 2311 337 2377 85.
365 2313 530 2372 Alexander
551 2312 588 2370 Π
614 2313 686 2371 auro
713 2312 880 2387 populoque
910 2311 1110 2387 Wapincensi,
1143 2312 1296 2371 Ribertam
1323 2313 1491 2373 iuoororem
1515 2333 1563 2372 ec-

365 2420 616 2480 ammonemus
640 2425 785 2494 totamque
802 2418 973 2494 paroeciam
995 2419 1181 2478 interdictam
1204 2437 1273 2492 csse,
1297 2421 1426 2479 nuntiat.

621 2538 689 2593 Coll.
709 2537 777 2592 Brit.
797 2537 877 2591 Alex.
897 2553 939 2610 ep.
959 2538 1003 2604 65,
1021 2537 1039 2591 l.
1059 2537 1076 2591 l.
1096 2538 1142 2592 fol.
1162 2539 1206 2593 49.

120 2707 258 2764 106301.
367 2698 460 2765 Olero
485 2705 518 2763 et
540 2699 660 2782 populo
679 2697 899 2781 Wapincensi.
939 2697 1067 2779 Sciatis,
1091 2719 1150 2763 nos
1169 2698 1353 2781 Ribertum,
1377 2700 1564 2765 invasorem

277 2806 434 2870 ecclesiae
457 2812 574 2886 vestre,
598 2804 726 2869 vinculo
751 2805 1092 2869 excommunicationis
1118 2805 1292 2870 innodasse
1317 2812 1350 2869 et
1373 2827 1393 2870 a
1418 2827 1562 2871 commu-

278 2914 373 2977 nione
398 2919 530 2976 sanctae
559 2911 735 2976 aecclesiae
764 2932 944 2994 separasse.
992 2910 1131 2994 Insuper
1159 2912 1258 2975 etiam
1286 2913 1320 2974 in
1349 2917 1420 2978 tota
1447 2935 1563 2997 paroe-
1646 2941 1647 3021 p

279 3019 351 3084 chia
374 3025 483 3083 vestra
507 3039 601 3083 omne
620 3018 897 3081 aecclesiasticum
917 3017 1057 3083 officium
1078 3023 1187 3101 preter
1206 3019 1404 3101 baptismum
1432 3026 1564 3103 aposto·

277 3126 341 3190 lica
364 3126 560 3190 auctoritate
582 3124 815 3205 interdicimus,
840 3126 887 3189 ita
910 3131 948 3188 ut
970 3147 1029 3190 neo
1053 3127 1152 3189 etiam
1175 3126 1312 3189 mortuis
1337 3123 1479 3190 officium
1504 3126 1563 3189 ali-

278 3232 365 3314 quod
396 3232 607 3315 inpendatur,
642 3230 742 3295 donec
776 3231 815 3295 de
848 3232 954 3296 medio
988 3238 1131 3296 vestrum
1164 3230 1346 3315 predictum
1378 3232 1563 3314 iniquitatis
1645 3279 1646 3282 ,

278 3340 382 3402 virum
406 3339 566 3403 eieceritis
591 3344 623 3401 ot
647 3338 783 3402 alterum
809 3337 940 3420 dignum
964 3344 998 3402 et
1020 3338 1172 3403 idoneum
1196 3338 1368 3419 elegeritis.

279 3661 340 3727 86.
368 3663 531 3722 Anconam
553 3664 589 3723 ΙΙ
608 3664 786 3722 liutboldum
804 3664 1002 3723 Arelatensem
1025 3665 1058 3722 dc
1077 3664 1192 3722 litberto
1215 3663 1345 3722 emlostoe
1370 3662 1563 3738 Vopirrocosis
1644 3737 1645 3758 .

367 3770 501 3827 invasore
516 3770 764 3828 ercorrrmoor'coto
780 3771 867 3846 deque
884 3771 1023 3844 paroecia
1038 3770 1102 3828 etus
1118 3770 1270 3828 interdicta
1288 3769 1438 3828 certiorem
1460 3769 1562 3828 reddit.
1644 3767 1645 3788 ¹

626 3889 695 3972 coll.
715 3889 784 3943 Brit.
804 3889 884 3942 Alex.
904 3905 947 3959 ep.
967 3889 1009 3955 66,
1029 3888 1046 3941 l.
1066 3888 1084 3942 l.
1103 3888 1150 3942 fol.
1170 3889 1212 3943 49.

122 4054 260 4114 10636Χ.
367 4048 529 4115 Raibaldo
552 4049 739 4113 Arelatensi
763 4048 1015 4130 archiepiscopo.
1058 4047 1231 4128 Noveritis,
1256 4070 1315 4113 nos
1334 4047 1516 4129 Ribertum,
1543 4071 1563 4113 a

279 4155 563 4241 predecessoribus
578 4157 697 4220 nostris
712 4156 797 4219 iuste
815 4155 1007 4237 depositum,
1033 4176 1053 4217 a
1077 4156 1300 4220 communione
1325 4159 1436 4220 sancte
1460 4154 1562 4220 eccle-

280 4265 325 4328 sie
341 4284 509 4346 separasse
526 4269 559 4326 et
572 4263 605 4325 in
625 4267 695 4326 tota
713 4261 946 4344 parrohechia⁸
964 4259 1181 4343 Vapincensib
1196 4282 1289 4326 omne
1305 4261 1563 4326 ecclesiasticum
1643 4305 1644 4320 .

280 4370 422 4437 officium
454 4374 563 4453 preter
595 4368 795 4451 baptismum
826 4366 1046 4448 interdixisse,
1086 4367 1187 4432 donec
1219 4367 1374 4432 Ribertus
1407 4368 1563 4450 expulsus

281 4477 378 4542 fuerit
401 4483 434 4541 et
457 4476 542 4540 alter
565 4475 681 4557 dignus
705 4479 738 4538 et
762 4474 897 4539 idoneus
922 4474 1070 4556 eligatur.

368 4662 380 4684 ⁸
398 4661 431 4705 sic
449 4661 501 4708 cod.
575 4653 587 4684 l'
606 4656 740 4718 Vapicrnsi
760 4674 779 4706 r.
