3336 5184
512 312 698 365 Innoannru
717 323 740 362 u
759 321 925 364 emenonis
945 309 994 362 181
1348 296 1386 356 91

105 495 197 556 pum,
222 474 315 535 cuins
339 472 451 553 utique
474 470 664 554 prudentia,
689 468 840 534 discretio
869 475 902 533 et
924 469 1039 534 honest
1025 475 1077 534 tas
1100 477 1134 535 et
1154 521 1362 535 ........
1368 480 1381 510 ⁰
1439 467 1524 526 1135

105 579 277 645 laboribus
310 579 431 644 nostris
464 578 592 643 multot'
569 583 653 642 t1ens
681 577 843 659 ipsiusst
814 575 920 640 studio
948 583 981 640 et
1004 578 1203 659 experientia
1232 578 1392 659 levigatisy
1383 531 1489 634 Aug
1501 556 1552 617 31

105 689 140 750 in
164 687 236 749 eius
261 707 353 750 mora
382 690 483 767 atque
515 689 667 768 praesent
668 685 700 748 ia
732 689 827 766 grata
859 684 976 748 solatia
1004 684 1212 749 obtinuimus.
1259 683 1390 765 Verum,

110 794 197 857 sicut
220 792 361 875 pleniter
383 793 473 857 novit
496 792 683 856 fraternitas
703 797 821 872 vestra,
845 790 971 856 nobiles
994 791 1055 854 viri
1073 791 1251 878 Atlfonsns)
1274 791 1392 856 Tholo-

108 922 208 964 sanus
234 919 342 964 comes
367 904 400 962 et
423 898 551 984 G(uig0)
569 897 730 979 Dalfinns‚
756 898 839 962 alter
862 900 895 961 in
914 899 1147 962 monasterium
1166 899 1254 964 beati
1271 897 1391 981 Egidii,

109 1007 194 1070 alter
217 1007 253 1069 in
276 1005 515 1070 Romanensem
548 1005 718 1070 ecclesiam
751 1003 854 1068 multa
886 1006 998 1086 gravia
1029 1011 1062 1069 et
1092 1004 1263 1086 horrenda,
1296 1011 1393 1087 prout

109 1112 307 1194 accepimus,
333 1113 577 1192 commiserunt3
602 1117 635 1176 et
658 1111 755 1194 quiab
772 1111 845 1193 ipsa
863 1112 896 1174 in
915 1110 1049 1176 beatum
1067 1111 1202 1177 Petrum
1226 1118 1259 1175 et
1282 1111 1391 1176 sedem

108 1219 333 1302 apostolorum
356 1218 538 1283 redundare
562 1224 754 1298 noscuntur,
783 1225 1001 1301 opportunum
1030 1219 1190 1300 duximus,
1216 1219 1391 1284 eorundem

110 1347 305 1390 excessuum
319 1325 573 1407 magnitudinem
587 1347 645 1408 per
664 1326 844 1408 sapientem
862 1348 1035 1408 personam
1050 1332 1083 1390 et
1098 1325 1214 1391 adhoc
1231 1325 1391 1406 idoneam,

109 1432 259 1497 adhibito
274 1437 383 1496 vestro
397 1432 560 1513 consiliat
574 1433 744 1514 castigare.
782 1431 828 1497 Ut
846 1433 945 1515 igitur
963 1434 1064 1498 tantis
1088 1433 1193 1515 malis,
1214 1433 1392 1497 auxiliante

108 1539 263 1619 Domino,
274 1537 347 1602 finis
361 1538 490 1603 debitus
500 1539 694 1621 imponatur,
705 1539 888 1621 praefatum
897 1539 1031 1605 fratrem
1041 1546 1188 1605 nostrum
1198 1539 1392 1625 H(ngonem)

111 1645 394 1728 archiepiscopum
410 1644 705 1728 Rothomagensem
720 1645 762 1710 ad
774 1651 885 1728 partes
904 1647 977 1712 illas
992 1646 1032 1711 de
1045 1647 1147 1712 latere
1161 1652 1272 1713 nostro
1286 1651 1391 1710 trans-

109 1751 307 1816 mittendum
331 1753 417 1816 etei
446 1755 570 1834 pariter
593 1752 854 1835 supradictarum
882 1774 1054 1818 cansarum
1079 1760 1111 1819 et
1134 1755 1271 1820 aliorum
1295 1773 1391 1834 nego-

109 1860 245 1940 ciorum,
271 1859 300 1922 si
323 1879 407 1941 quae
430 1859 496 1922 iam
519 1860 552 1922 in
574 1859 723 1942 partibus
742 1859 807 1923 illis
831 1866 904 1924 orta
923 1866 998 1923 sunt
1016 1860 1067 1924 vel
1084 1862 1215 1925 interim
1235 1862 1389 1940 orientur,

109 1967 308 2030 decisionem
339 1966 547 2031 iniunximus.
598 1965 791 2030 Mandemus
822 1967 934 2050 itaque
966 1968 1171 2031 universitati
1203 1973 1330 2031 vestrae
1359 1971 1391 2030 et

109 2073 294 2156 apostolica
326 2073 522 2137 auctoritate
554 2074 785 2156 praecipimus
820 2080 980 2156 quatenus
1009 2073 1146 2138 eundem
1169 2075 1312 2156 legatum
1335 2096 1390 2138 no·

109 2186 216 2244 strum
239 2178 415 2244 honorifice
439 2185 472 2244 et
494 2180 633 2262 benigne
657 2180 853 2262 suscipiatis,
878 2187 911 2245 et
933 2180 1004 2246 loco
1023 2203 1062 2245 ac
1080 2187 1236 2264 tempore,
1262 2202 1325 2263 quo
1349 2179 1391 2244 ab

1 2363 2 2372 ἵ
109 2307 148 2352 eo
172 2287 281 2352 vocati
305 2285 441 2367 fueritis,
466 2285 508 2350 ad
531 2286 639 2368 ipsum
662 2287 859 2351 unanimiter
882 2288 1051 2352 convenire
1075 2288 1212 2369 curetis,
1237 2293 1334 2370 atque
1357 2287 1391 2350 in

109 2393 175 2475 his,
211 2413 295 2475 quae
319 2391 362 2456 ad
385 2392 499 2457 eadem
522 2394 657 2476 negocia
680 2393 861 2459 dirimenda
884 2395 1069 2460 necessaria
1096 2394 1230 2476 fuerint,
1265 2395 1295 2458 ei
1322 2395 1391 2458 vice

109 2506 225 2565 nostra
249 2520 344 2582 cpem
366 2504 401 2563 et
423 2499 593 2564 consilium
625 2522 684 2582 pro
716 2502 897 2565 reverentia
930 2501 1015 2566 sedis
1043 2502 1241 2585 apostolicae
1268 2502 1390 2584 impen-

110 2607 209 2671 datis.
256 2605 343 2670 Illud
366 2605 466 2670 etiam
489 2627 692 2689 summopere
720 2627 816 2671 curae
844 2607 935 2672 vobis
960 2610 1016 2691 sit,
1044 2614 1082 2672 ut
1108 2608 1150 2673 ad
1173 2607 1391 2672 ulciscendam

108 2713 265 2778 iniuriam
284 2712 380 2778 beato
398 2712 498 2778 Petro
518 2718 550 2777 et
568 2712 661 2776 nobis
680 2712 806 2777 illatam
826 2714 947 2796 abhis,
972 2717 1038 2798 qui,
1059 2716 1252 2798 contemptis
1272 2716 1391 2780 nostris

109 2818 321 2900 iussionibus,
347 2840 475 2884 servare
500 2819 611 2883 datam
635 2818 770 2884 anobis
795 2823 989 2886 sententiam
1013 2821 1234 2903 neglexerunt,
1253 2843 1312 2904 pro
1337 2821 1390 2887 de-

109 2927 179 2992 bito
204 2926 304 2990 vestri
329 2923 428 2990 officii
452 2947 584 3009 operam
608 2926 706 3007 detis,
740 2932 777 2991 ut
799 2928 949 2993 videlicet
976 2930 1068 2993 iuxta
1094 2927 1253 3012 praedicti
1281 2928 1391 2992 fratris

110 3034 216 3099 nostri
241 3031 507 3099 deliberationem
529 3033 573 3115 hi,
599 3034 654 3116 qui
679 3039 825 3098 sanctam
844 3041 982 3100 matrem
1000 3057 1093 3100 suam
1112 3035 1294 3101 Romanam
1318 3057 1390 3101 oon-

110 3145 316 3223 tempserunt
348 3140 518 3204 ecclesiam
550 3145 582 3205 et
614 3141 703 3205 beati
730 3140 821 3205 Petri
854 3142 960 3207 claves
993 3164 1151 3207 evacuare
1178 3146 1390 3225 temptarunt,

111 3247 218 3330 dignis
244 3237 577 3312 animadversionibus
600 3247 768 3312 feriantur.
814 3247 927 3331 Ipsum
951 3271 1029 3339 sane
1054 3249 1095 3315 ob
1119 3271 1261 3315 amorem
1285 3255 1319 3313 et
1340 3270 1389 3313 re·

110 3354 292 3419 verentism
316 3354 460 3419 eiusdem
484 3354 704 3436 apostolorum
726 3355 882 3438 principis
910 3355 1045 3421 honeste
1074 3378 1112 3420 ac
1140 3355 1284 3420 fraterna
1308 3356 1390 3419 cari-

109 3466 179 3526 tate
203 3461 359 3543 suscipite
390 3467 423 3525 et
450 3461 517 3526 suis
544 3461 827 3545 praeceptionibus
851 3461 989 3526 obedite.
1036 3462 1125 3526 Data
1148 3461 1233 3526 Pisis
1261 3461 1296 3526 II
1315 3461 1389 3526 Kar.

110 3567 325 3652 Septembris.

109 3750 188 3816 181.
228 3750 417 3810 Innocentius
439 3751 476 3809 H
502 3750 622 3826 anoni
654 3751 784 3826 episeopo
815 3752 1057 3811 Altissiodoaensi
1088 3759 1114 3811 at
1143 3753 1263 3828 anoni
1294 3753 1390 3812 abbati

224 3858 447 3917 Pontiniacensi
469 3858 600 3930 naandat,
627 3863 661 3917 nt
682 3859 759 3916 inter
781 3858 895 3916 abbatas
921 3859 950 3918 S.
971 3860 1052 3918 Patri
1069 3860 1129 3918 mai
1151 3866 1177 3919 et
1197 3860 1227 3919 S.
1246 3860 1389 3919 Iohannis

226 3965 406 4024 Senonensas
429 3970 455 4023 ot
480 3964 509 4024 S.
532 3964 678 4023 Iohannis
701 3965 872 4023 Hatensena
894 3965 921 4024 d.
945 3968 973 4024 4.
993 3967 1122 4043 Aapnsti
1144 3967 1289 4038 indicam·
1312 3967 1390 4042 qaod

223 4070 252 4130 si
265 4070 333 4146 fini
345 4071 497 4147 nequierit,
517 4071 630 4130 abbates
638 4071 789 4147 menimis
803 4071 904 4130 Idibus
918 4073 1023 4132 Martii
1036 4073 1075 4132 ad
1087 4093 1148 4132 sese
1160 4074 1285 4132 accedas
1303 4074 1387 4132 iubet.

297 4171 369 4226 Bibl.
387 4176 445 4226 nat.
464 4171 550 4226 Paris.
570 4173 639 4228 0011.
659 4172 762 4228 Bnque
780 4173 814 4228 46
834 4173 880 4228 fol.
900 4174 965 4229 39οθ
984 4191 1070 4230 manu
1089 4193 1109 4230 s.
1129 4189 1207 4230 xvn.

198 4296 406 4362 Innocentius
440 4298 610 4380 episcopus
643 4319 754 4362 servus
783 4319 949 4364 servorum
972 4299 1034 4364 Dei
1054 4287 1300 4365 ‘venerabilibus
1324 4299 1387 4364 fra·
1408 4315 1563 4374 1134-36

106 4404 215 4468 tribus
239 4405 370 4486 Hugoni
393 4403 660 4502 Altissiodorensi
684 4406 834 4488 episeopo
862 4412 895 4470 et
917 4407 1048 4489 Hugoni
1066 4407 1309 4472 Pontiniacensi
1332 4406 1387 4470 ab·
1424 4405 1489 4463 Iun.
1502 4404 1552 4464 12.

199 4572 211 4596 ⁸
230 4569 375 4629 &nmquam
392 4571 418 4618 in
435 4571 505 4618 codd.
525 4571 611 4616 henna
628 4585 675 4616 non
693 4577 737 4629 en,
764 4571 841 4618 deesse
864 4579 940 4620 tamen
962 4575 1006 4621 boo
1024 4574 1076 4620 low
1095 4573 1218 4640 quaedam·
1232 4573 1302 4620 veroa
1315 4580 1388 4634 patet.

108 4653 121 4684 b
139 4658 173 4704 sia
191 4659 277 4717 empti
288 4674 337 4718 pro
356 4672 386 4706 ea
403 4659 455 4706 cod.
528 4661 539 4685 ⁰
557 4661 641 4706 nostro
659 4675 679 4704 ο.
