<?xml version="1.0" encoding="UTF-8"?>
<!DOCTYPE html PUBLIC "-//W3C//DTD XHTML 1.0 Transitional//EN"
    "http://www.w3.org/TR/xhtml1/DTD/xhtml1-transitional.dtd">
<html xmlns="http://www.w3.org/1999/xhtml" xml:lang="en" lang="en">
 <head>
  <title>
</title>
<meta http-equiv="Content-Type" content="text/html;charset=utf-8" />
  <meta name='ocr-system' content='tesseract 3.04.00' />
  <meta name='ocr-capabilities' content='ocr_page ocr_carea ocr_par ocr_line ocrx_word'/>
</head>
<body>
  <div class='ocr_page' id='page_1' title='image "./epistolaepontif02popegoog/epistolaepontif02popegoog_0271.png"; bbox 0 0 3284 5184; ppageno 0'>
   <div class='ocr_carea' id='block_1_1' title="bbox 295 282 1181 359">
    <p class='ocr_par' dir='ltr' id='par_1_1' title="bbox 295 282 1181 359">
     <span class='ocr_line' id='line_1_1' title="bbox 295 282 1181 359; baseline 0.017 -15"><span class='ocrx_word' id='word_1_1' title='bbox 295 282 361 345; x_wconf 82' lang='lat'>254</span> <span class='ocrx_word' id='word_1_2' title='bbox 685 301 869 356; x_wconf 81' lang='lat' dir='ltr'>Gonnnsrmr</span> <span class='ocrx_word' id='word_1_3' title='bbox 887 313 924 356; x_wconf 91' lang='lat'>111</span> <span class='ocrx_word' id='word_1_4' title='bbox 942 313 1110 357; x_wconf 73' lang='lat' dir='ltr'>nrrsronan</span> <span class='ocrx_word' id='word_1_5' title='bbox 1128 303 1181 359; x_wconf 82' lang='lat'>410</span> 
     </span>
    </p>
   </div>
   <div class='ocr_carea' id='block_1_2' title="bbox 152 453 1586 3635">
    <p class='ocr_par' dir='ltr' id='par_1_2' title="bbox 152 453 1586 3635">
     <span class='ocr_line' id='line_1_2' title="bbox 172 453 1586 550; baseline 0.007 -28"><span class='ocrx_word' id='word_1_6' title='bbox 172 453 257 514; x_wconf 84' lang='lat'>1194</span> <span class='ocrx_word' id='word_1_7' title='bbox 292 460 447 544; x_wconf 81' lang='lat' dir='ltr'>vastavit,</span> <span class='ocrx_word' id='word_1_8' title='bbox 486 462 599 544; x_wconf 90' lang='lat' dir='ltr'>suique</span> <span class='ocrx_word' id='word_1_9' title='bbox 631 463 812 546; x_wconf 89' lang='lat' dir='ltr'>pernicioso</span> <span class='ocrx_word' id='word_1_10' title='bbox 851 463 997 546; x_wconf 86' lang='lat' dir='ltr'>exemplo</span> <span class='ocrx_word' id='word_1_11' title='bbox 1032 463 1205 547; x_wconf 90' lang='lat' dir='ltr'>plerosque</span> <span class='ocrx_word' id='word_1_12' title='bbox 1242 465 1359 550; x_wconf 86' lang='lat' dir='ltr'>ipsius</span> <span class='ocrx_word' id='word_1_13' title='bbox 1383 469 1586 535; x_wconf 87' lang='lat' dir='ltr'>monasterii</span> 
     </span>
     <span class='ocr_line' id='line_1_3' title="bbox 152 543 1585 641; baseline 0.008 -12"><span class='ocrx_word' id='word_1_14' title='bbox 152 543 273 604; x_wconf 58' lang='lat' dir='ltr'>Mam·</span> <span class='ocrx_word' id='word_1_15' title='bbox 294 567 468 633; x_wconf 91' lang='lat' dir='ltr'>monachos</span> <span class='ocrx_word' id='word_1_16' title='bbox 490 568 524 631; x_wconf 95' lang='lat' dir='ltr'>in</span> <span class='ocrx_word' id='word_1_17' title='bbox 548 568 749 633; x_wconf 85' lang='lat' dir='ltr'><strong>consimilem</strong></span> <span class='ocrx_word' id='word_1_18' title='bbox 777 590 920 634; x_wconf 89' lang='lat' dir='ltr'>errorem</span> <span class='ocrx_word' id='word_1_19' title='bbox 948 569 1076 633; x_wconf 79' lang='lat' dir='ltr'>induxit</span> <span class='ocrx_word' id='word_1_20' title='bbox 1104 571 1264 636; x_wconf 88' lang='lat' dir='ltr'>suscitans</span> <span class='ocrx_word' id='word_1_21' title='bbox 1291 574 1326 637; x_wconf 92' lang='lat' dir='ltr'>in</span> <span class='ocrx_word' id='word_1_22' title='bbox 1354 576 1400 639; x_wconf 91' lang='lat' dir='ltr'>eis</span> <span class='ocrx_word' id='word_1_23' title='bbox 1424 576 1585 641; x_wconf 91' lang='lat' dir='ltr'>rebellic-</span> 
     </span>
     <span class='ocr_line' id='line_1_4' title="bbox 293 675 1585 757; baseline 0.008 -20"><span class='ocrx_word' id='word_1_24' title='bbox 293 675 344 738; x_wconf 88' lang='lat' dir='ltr'>nis</span> <span class='ocrx_word' id='word_1_25' title='bbox 369 680 402 739; x_wconf 89' lang='lat' dir='ltr'>et</span> <span class='ocrx_word' id='word_1_26' title='bbox 425 675 647 740; x_wconf 79' lang='lat' dir='ltr'>contumaciae</span> <span class='ocrx_word' id='word_1_27' title='bbox 671 675 822 757; x_wconf 91' lang='lat' dir='ltr'>spiritum</span> <span class='ocrx_word' id='word_1_28' title='bbox 851 682 884 740; x_wconf 93' lang='lat' dir='ltr'>et</span> <span class='ocrx_word' id='word_1_29' title='bbox 910 677 1083 740; x_wconf 78' lang='lat' dir='ltr'>materiam</span> <span class='ocrx_word' id='word_1_30' title='bbox 1107 678 1280 742; x_wconf 90' lang='lat' dir='ltr'>resistendi</span> <span class='ocrx_word' id='word_1_31' title='bbox 1305 687 1337 744; x_wconf 89' lang='lat' dir='ltr'>et</span> <span class='ocrx_word' id='word_1_32' title='bbox 1361 688 1475 747; x_wconf 87' lang='lat' dir='ltr'>contra</span> <span class='ocrx_word' id='word_1_33' title='bbox 1503 683 1585 747; x_wconf 90' lang='lat' dir='ltr'>obe-</span> 
     </span>
     <span class='ocr_line' id='line_1_5' title="bbox 294 780 1584 867; baseline 0.007 -23"><span class='ocrx_word' id='word_1_34' title='bbox 294 780 436 845; x_wconf 87' lang='lat' dir='ltr'>dientiae</span> <span class='ocrx_word' id='word_1_35' title='bbox 459 782 570 864; x_wconf 88' lang='lat' dir='ltr'>iugum</span> <span class='ocrx_word' id='word_1_36' title='bbox 594 783 733 846; x_wconf 81' lang='lat' dir='ltr'>cervices</span> <span class='ocrx_word' id='word_1_37' title='bbox 762 782 993 848; x_wconf 76' lang='lat' dir='ltr'>damnabiliter</span> <span class='ocrx_word' id='word_1_38' title='bbox 1022 783 1175 867; x_wconf 86' lang='lat' dir='ltr'>erigendi.</span> <span class='ocrx_word' id='word_1_39' title='bbox 1222 784 1317 852; x_wconf 90' lang='lat' dir='ltr'>Unde</span> <span class='ocrx_word' id='word_1_40' title='bbox 1341 810 1414 852; x_wconf 91' lang='lat' dir='ltr'>cum</span> <span class='ocrx_word' id='word_1_41' title='bbox 1436 790 1508 853; x_wconf 90' lang='lat' dir='ltr'>iam</span> <span class='ocrx_word' id='word_1_42' title='bbox 1536 789 1584 852; x_wconf 94' lang='lat' dir='ltr'>di-</span> 
     </span>
     <span class='ocr_line' id='line_1_6' title="bbox 295 887 1584 976; baseline 0.007 -25"><span class='ocrx_word' id='word_1_43' title='bbox 295 893 366 952; x_wconf 92' lang='lat' dir='ltr'>ctus</span> <span class='ocrx_word' id='word_1_44' title='bbox 394 887 496 952; x_wconf 90' lang='lat' dir='ltr'>abbas</span> <span class='ocrx_word' id='word_1_45' title='bbox 528 888 626 953; x_wconf 84' lang='lat' dir='ltr'>vellet</span> <span class='ocrx_word' id='word_1_46' title='bbox 658 910 713 954; x_wconf 91' lang='lat' dir='ltr'>eos</span> <span class='ocrx_word' id='word_1_47' title='bbox 746 887 805 953; x_wconf 92' lang='lat' dir='ltr'>sub</span> <span class='ocrx_word' id='word_1_48' title='bbox 831 889 1001 974; x_wconf 85' lang='lat' dir='ltr'>disciplina</span> <span class='ocrx_word' id='word_1_49' title='bbox 1027 892 1226 957; x_wconf 88' lang='lat' dir='ltr'>monachalis</span> <span class='ocrx_word' id='word_1_50' title='bbox 1259 894 1382 960; x_wconf 87' lang='lat' dir='ltr'>ordinis</span> <span class='ocrx_word' id='word_1_51' title='bbox 1415 917 1584 976; x_wconf 87' lang='lat' dir='ltr'>coercere,</span> 
     </span>
     <span class='ocr_line' id='line_1_7' title="bbox 294 994 1586 1084; baseline 0.008 -27"><span class='ocrx_word' id='word_1_52' title='bbox 294 994 427 1081; x_wconf 91' lang='lat' dir='ltr'>quidam</span> <span class='ocrx_word' id='word_1_53' title='bbox 460 1016 571 1060; x_wconf 90' lang='lat' dir='ltr'>eorum</span> <span class='ocrx_word' id='word_1_54' title='bbox 604 1001 717 1060; x_wconf 91' lang='lat' dir='ltr'>contra</span> <span class='ocrx_word' id='word_1_55' title='bbox 750 1017 823 1060; x_wconf 91' lang='lat' dir='ltr'>eum</span> <span class='ocrx_word' id='word_1_56' title='bbox 856 997 1008 1061; x_wconf 90' lang='lat' dir='ltr'>dicuntur</span> <span class='ocrx_word' id='word_1_57' title='bbox 1039 999 1217 1081; x_wconf 89' lang='lat' dir='ltr'>proditorie</span> <span class='ocrx_word' id='word_1_58' title='bbox 1245 1002 1441 1066; x_wconf 91' lang='lat' dir='ltr'>coniurasse.</span> <span class='ocrx_word' id='word_1_59' title='bbox 1492 1001 1586 1084; x_wconf 79' lang='lat' dir='ltr'>Quia</span> 
     </span>
     <span class='ocr_line' id='line_1_8' title="bbox 293 1102 1585 1192; baseline 0.002 -22"><span class='ocrx_word' id='word_1_60' title='bbox 293 1102 393 1184; x_wconf 78' lang='lat' dir='ltr'>igitur</span> <span class='ocrx_word' id='word_1_61' title='bbox 426 1102 512 1185; x_wconf 92' lang='lat' dir='ltr'>quod</span> <span class='ocrx_word' id='word_1_62' title='bbox 545 1103 579 1166; x_wconf 91' lang='lat' dir='ltr'>in</span> <span class='ocrx_word' id='word_1_63' title='bbox 608 1103 701 1167; x_wconf 88' lang='lat' dir='ltr'>laicis</span> <span class='ocrx_word' id='word_1_64' title='bbox 724 1104 895 1185; x_wconf 91' lang='lat' dir='ltr'>puniretur</span> <span class='ocrx_word' id='word_1_65' title='bbox 918 1106 1084 1187; x_wconf 83' lang='lat' dir='ltr'>acerrime,</span> <span class='ocrx_word' id='word_1_66' title='bbox 1109 1128 1173 1170; x_wconf 91' lang='lat' dir='ltr'>non</span> <span class='ocrx_word' id='word_1_67' title='bbox 1197 1105 1295 1172; x_wconf 91' lang='lat' dir='ltr'>debet</span> <span class='ocrx_word' id='word_1_68' title='bbox 1322 1109 1525 1192; x_wconf 88' lang='lat' dir='ltr'>impunitum</span> <span class='ocrx_word' id='word_1_69' title='bbox 1550 1111 1585 1173; x_wconf 91' lang='lat' dir='ltr'>in</span> 
     </span>
     <span class='ocr_line' id='line_1_9' title="bbox 293 1209 1584 1299; baseline 0 -21"><span class='ocrx_word' id='word_1_70' title='bbox 293 1209 460 1278; x_wconf 84' lang='lat' dir='ltr'>monachis</span> <span class='ocrx_word' id='word_1_71' title='bbox 492 1209 724 1293; x_wconf 81' lang='lat' dir='ltr'>praetermitti,</span> <span class='ocrx_word' id='word_1_72' title='bbox 758 1209 957 1273; x_wconf 86' lang='lat' dir='ltr'>fraternitati</span> <span class='ocrx_word' id='word_1_73' title='bbox 988 1217 1117 1276; x_wconf 88' lang='lat' dir='ltr'>vestrae</span> <span class='ocrx_word' id='word_1_74' title='bbox 1145 1235 1204 1297; x_wconf 92' lang='lat' dir='ltr'>per</span> <span class='ocrx_word' id='word_1_75' title='bbox 1241 1215 1421 1297; x_wconf 90' lang='lat' dir='ltr'>apostolica</span> <span class='ocrx_word' id='word_1_76' title='bbox 1453 1216 1584 1299; x_wconf 86' lang='lat' dir='ltr'>scripta</span> 
     </span>
     <span class='ocr_line' id='line_1_10' title="bbox 293 1315 1583 1406; baseline 0.001 -22"><span class='ocrx_word' id='word_1_77' title='bbox 293 1315 486 1384; x_wconf 87' lang='lat' dir='ltr'>mandamus</span> <span class='ocrx_word' id='word_1_78' title='bbox 519 1321 618 1399; x_wconf 89' lang='lat' dir='ltr'>atque</span> <span class='ocrx_word' id='word_1_79' title='bbox 651 1316 881 1399; x_wconf 84' lang='lat' dir='ltr'>praecipimus,</span> <span class='ocrx_word' id='word_1_80' title='bbox 915 1317 1067 1398; x_wconf 86' lang='lat' dir='ltr'>quatinus</span> <span class='ocrx_word' id='word_1_81' title='bbox 1096 1320 1233 1384; x_wconf 81' lang='lat' dir='ltr'>veritate</span> <span class='ocrx_word' id='word_1_82' title='bbox 1261 1320 1378 1386; x_wconf 92' lang='lat' dir='ltr'>horum</span> <span class='ocrx_word' id='word_1_83' title='bbox 1409 1329 1583 1406; x_wconf 88' lang='lat' dir='ltr'>comperta</span> 
     </span>
     <span class='ocr_line' id='line_1_11' title="bbox 204 1421 1585 1512; baseline 0.001 -22"><span class='ocrx_word' id='word_1_84' title='bbox 204 1505 207 1512; x_wconf 18' lang='grc' dir='ltr'><strong>Δ</strong></span> <span class='ocrx_word' id='word_1_85' title='bbox 293 1427 490 1490; x_wconf 84' lang='lat' dir='ltr'>memoratos</span> <span class='ocrx_word' id='word_1_86' title='bbox 513 1421 699 1503; x_wconf 84' lang='lat' dir='ltr'>monachos,</span> <span class='ocrx_word' id='word_1_87' title='bbox 724 1421 752 1485; x_wconf 91' lang='lat' dir='ltr'>si</span> <span class='ocrx_word' id='word_1_88' title='bbox 774 1422 807 1484; x_wconf 93' lang='lat' dir='ltr'>in</span> <span class='ocrx_word' id='word_1_89' title='bbox 830 1428 940 1486; x_wconf 85' lang='lat' dir='ltr'>vestra</span> <span class='ocrx_word' id='word_1_90' title='bbox 962 1425 1129 1506; x_wconf 90' lang='lat' dir='ltr'>provincia</span> <span class='ocrx_word' id='word_1_91' title='bbox 1152 1432 1306 1510; x_wconf 91' lang='lat' dir='ltr'>poterunt</span> <span class='ocrx_word' id='word_1_92' title='bbox 1334 1429 1486 1510; x_wconf 90' lang='lat' dir='ltr'>inveniri,</span> <span class='ocrx_word' id='word_1_93' title='bbox 1523 1450 1585 1512; x_wconf 91' lang='lat' dir='ltr'>per</span> 
     </span>
     <span class='ocr_line' id='line_1_12' title="bbox 295 1529 1583 1611; baseline 0.005 -19"><span class='ocrx_word' id='word_1_94' title='bbox 295 1529 514 1611; x_wconf 88' lang='lat' dir='ltr'>suspensionis</span> <span class='ocrx_word' id='word_1_95' title='bbox 538 1533 571 1592; x_wconf 90' lang='lat' dir='ltr'>et</span> <span class='ocrx_word' id='word_1_96' title='bbox 595 1529 936 1593; x_wconf 85' lang='lat' dir='ltr'>excommunicationis</span> <span class='ocrx_word' id='word_1_97' title='bbox 952 1532 1147 1596; x_wconf 87' lang='lat' dir='ltr'>sententiam</span> <span class='ocrx_word' id='word_1_98' title='bbox 1162 1533 1205 1597; x_wconf 91' lang='lat' dir='ltr'>ad</span> <span class='ocrx_word' id='word_1_99' title='bbox 1223 1533 1428 1599; x_wconf 84' lang='lat' dir='ltr'>devotionem</span> <span class='ocrx_word' id='word_1_100' title='bbox 1447 1541 1481 1598; x_wconf 91' lang='lat' dir='ltr'>et</span> <span class='ocrx_word' id='word_1_101' title='bbox 1504 1535 1583 1600; x_wconf 93' lang='lat' dir='ltr'>obe-</span> 
     </span>
     <span class='ocr_line' id='line_1_13' title="bbox 295 1632 1582 1724; baseline 0.005 -26"><span class='ocrx_word' id='word_1_102' title='bbox 295 1633 451 1702; x_wconf 89' lang='lat' dir='ltr'>dientiam</span> <span class='ocrx_word' id='word_1_103' title='bbox 464 1632 605 1698; x_wconf 80' lang='lat' dir='ltr'>&#39;abbatis</span> <span class='ocrx_word' id='word_1_104' title='bbox 634 1635 684 1698; x_wconf 93' lang='lat' dir='ltr'>sui</span> <span class='ocrx_word' id='word_1_105' title='bbox 713 1656 785 1697; x_wconf 91' lang='lat' dir='ltr'>cum</span> <span class='ocrx_word' id='word_1_106' title='bbox 814 1635 900 1699; x_wconf 90' lang='lat' dir='ltr'>omni</span> <span class='ocrx_word' id='word_1_107' title='bbox 924 1635 1108 1702; x_wconf 90' lang='lat' dir='ltr'>humilitate</span> <span class='ocrx_word' id='word_1_108' title='bbox 1135 1638 1252 1722; x_wconf 85' lang='lat' dir='ltr'>redire,</span> <span class='ocrx_word' id='word_1_109' title='bbox 1277 1641 1501 1724; x_wconf 86' lang='lat' dir='ltr'>appellatione</span> <span class='ocrx_word' id='word_1_110' title='bbox 1532 1661 1582 1705; x_wconf 92' lang='lat' dir='ltr'>re-</span> 
     </span>
     <span class='ocr_line' id='line_1_14' title="bbox 295 1739 1581 1829; baseline 0.005 -24"><span class='ocrx_word' id='word_1_111' title='bbox 295 1745 392 1822; x_wconf 91' lang='lat' dir='ltr'>mota,</span> <span class='ocrx_word' id='word_1_112' title='bbox 425 1746 538 1806; x_wconf 91' lang='lat' dir='ltr'>nostra</span> <span class='ocrx_word' id='word_1_113' title='bbox 561 1739 637 1804; x_wconf 80' lang='lat' dir='ltr'>freti</span> <span class='ocrx_word' id='word_1_114' title='bbox 665 1741 842 1806; x_wconf 87' lang='lat' dir='ltr'>autoritate</span> <span class='ocrx_word' id='word_1_115' title='bbox 868 1740 1043 1807; x_wconf 87' lang='lat' dir='ltr'>studiosius</span> <span class='ocrx_word' id='word_1_116' title='bbox 1068 1746 1281 1829; x_wconf 90' lang='lat' dir='ltr'>compellatis,</span> <span class='ocrx_word' id='word_1_117' title='bbox 1314 1747 1409 1811; x_wconf 93' lang='lat' dir='ltr'>utin</span> <span class='ocrx_word' id='word_1_118' title='bbox 1433 1747 1581 1812; x_wconf 90' lang='lat' dir='ltr'>claustro</span> 
     </span>
     <span class='ocr_line' id='line_1_15' title="bbox 295 1847 1580 1937; baseline 0.005 -26"><span class='ocrx_word' id='word_1_119' title='bbox 295 1869 353 1912; x_wconf 95' lang='lat' dir='ltr'>suo</span> <span class='ocrx_word' id='word_1_120' title='bbox 376 1848 468 1912; x_wconf 84' lang='lat' dir='ltr'>iuxta</span> <span class='ocrx_word' id='word_1_121' title='bbox 490 1848 591 1931; x_wconf 90' lang='lat' dir='ltr'>ipsius</span> <span class='ocrx_word' id='word_1_122' title='bbox 615 1847 745 1912; x_wconf 92' lang='lat' dir='ltr'>abbatis</span> <span class='ocrx_word' id='word_1_123' title='bbox 770 1847 942 1911; x_wconf 92' lang='lat' dir='ltr'>arbitrium</span> <span class='ocrx_word' id='word_1_124' title='bbox 963 1850 1139 1914; x_wconf 92' lang='lat' dir='ltr'>secundum</span> <span class='ocrx_word' id='word_1_125' title='bbox 1159 1853 1280 1918; x_wconf 91' lang='lat' dir='ltr'>ordinis</span> <span class='ocrx_word' id='word_1_126' title='bbox 1306 1854 1516 1937; x_wconf 87' lang='lat' dir='ltr'>disciplinam</span> <span class='ocrx_word' id='word_1_127' title='bbox 1542 1854 1580 1918; x_wconf 89' lang='lat' dir='ltr'>de</span> 
     </span>
     <span class='ocr_line' id='line_1_16' title="bbox 293 1954 1580 2039; baseline 0.004 -20"><span class='ocrx_word' id='word_1_128' title='bbox 293 1956 481 2039; x_wconf 91' lang='lat' dir='ltr'>praemissis</span> <span class='ocrx_word' id='word_1_129' title='bbox 505 1954 691 2034; x_wconf 75' lang='lat' dir='ltr'>excessibus</span> <span class='ocrx_word' id='word_1_130' title='bbox 715 1955 928 2035; x_wconf 84' lang='lat' dir='ltr'>corrigantur.</span> <span class='ocrx_word' id='word_1_131' title='bbox 975 1955 1166 2022; x_wconf 90' lang='lat' dir='ltr'>Praedictas</span> <span class='ocrx_word' id='word_1_132' title='bbox 1190 1981 1266 2025; x_wconf 84' lang='lat' dir='ltr'>vero</span> <span class='ocrx_word' id='word_1_133' title='bbox 1290 1961 1469 2025; x_wconf 88' lang='lat' dir='ltr'>sententias</span> <span class='ocrx_word' id='word_1_134' title='bbox 1493 1966 1580 2024; x_wconf 88' lang='lat' dir='ltr'>tam-</span> 
     </span>
     <span class='ocr_line' id='line_1_17' title="bbox 296 2061 1580 2145; baseline 0.004 -20"><span class='ocrx_word' id='word_1_135' title='bbox 296 2062 351 2125; x_wconf 92' lang='lat' dir='ltr'>diu</span> <span class='ocrx_word' id='word_1_136' title='bbox 374 2061 503 2126; x_wconf 84' lang='lat' dir='ltr'>faciatis</span> <span class='ocrx_word' id='word_1_137' title='bbox 527 2083 584 2145; x_wconf 90' lang='lat' dir='ltr'>per</span> <span class='ocrx_word' id='word_1_138' title='bbox 613 2061 765 2125; x_wconf 89' lang='lat' dir='ltr'>ecclesias</span> <span class='ocrx_word' id='word_1_139' title='bbox 793 2065 918 2124; x_wconf 89' lang='lat' dir='ltr'>vestras</span> <span class='ocrx_word' id='word_1_140' title='bbox 947 2062 1081 2144; x_wconf 86' lang='lat' dir='ltr'>singulis</span> <span class='ocrx_word' id='word_1_141' title='bbox 1113 2064 1281 2130; x_wconf 88' lang='lat' dir='ltr'>dominicis</span> <span class='ocrx_word' id='word_1_142' title='bbox 1305 2072 1338 2130; x_wconf 91' lang='lat' dir='ltr'>et</span> <span class='ocrx_word' id='word_1_143' title='bbox 1360 2066 1484 2131; x_wconf 85' lang='lat' dir='ltr'>festivis</span> <span class='ocrx_word' id='word_1_144' title='bbox 1512 2067 1580 2130; x_wconf 89' lang='lat' dir='ltr'>die-</span> 
     </span>
     <span class='ocr_line' id='line_1_18' title="bbox 295 2168 1580 2254; baseline 0.002 -21"><span class='ocrx_word' id='word_1_145' title='bbox 295 2168 356 2234; x_wconf 91' lang='lat' dir='ltr'>bus</span> <span class='ocrx_word' id='word_1_146' title='bbox 380 2168 568 2233; x_wconf 88' lang='lat' dir='ltr'>denunciari</span> <span class='ocrx_word' id='word_1_147' title='bbox 598 2168 785 2233; x_wconf 92' lang='lat' dir='ltr'>solemniter</span> <span class='ocrx_word' id='word_1_148' title='bbox 814 2172 847 2230; x_wconf 89' lang='lat' dir='ltr'>et</span> <span class='ocrx_word' id='word_1_149' title='bbox 869 2169 1079 2251; x_wconf 90' lang='lat' dir='ltr'>praecipiatis</span> <span class='ocrx_word' id='word_1_150' title='bbox 1103 2170 1240 2236; x_wconf 92' lang='lat' dir='ltr'>firmiter</span> <span class='ocrx_word' id='word_1_151' title='bbox 1267 2172 1448 2254; x_wconf 85' lang='lat' dir='ltr'>observari,</span> <span class='ocrx_word' id='word_1_152' title='bbox 1474 2173 1580 2239; x_wconf 89' lang='lat' dir='ltr'>donec</span> 
     </span>
     <span class='ocr_line' id='line_1_19' title="bbox 296 2273 1579 2361; baseline 0.004 -24"><span class='ocrx_word' id='word_1_153' title='bbox 296 2274 429 2356; x_wconf 82' lang='lat' dir='ltr'>fuerint,</span> <span class='ocrx_word' id='word_1_154' title='bbox 461 2295 545 2357; x_wconf 92' lang='lat' dir='ltr'>quae</span> <span class='ocrx_word' id='word_1_155' title='bbox 573 2274 809 2357; x_wconf 80' lang='lat' dir='ltr'>praemisimus,</span> <span class='ocrx_word' id='word_1_156' title='bbox 844 2273 1012 2339; x_wconf 92' lang='lat' dir='ltr'>devotione</span> <span class='ocrx_word' id='word_1_157' title='bbox 1037 2275 1148 2341; x_wconf 89' lang='lat' dir='ltr'>debita</span> <span class='ocrx_word' id='word_1_158' title='bbox 1176 2279 1350 2361; x_wconf 89' lang='lat' dir='ltr'>prosecuti.</span> <span class='ocrx_word' id='word_1_159' title='bbox 1397 2278 1579 2344; x_wconf 88' lang='lat' dir='ltr'>Praeterea</span> 
     </span>
     <span class='ocr_line' id='line_1_20' title="bbox 295 2379 1578 2468; baseline 0.004 -25"><span class='ocrx_word' id='word_1_160' title='bbox 295 2381 540 2452; x_wconf 84' lang='lat' dir='ltr'>universitatem</span> <span class='ocrx_word' id='word_1_161' title='bbox 566 2379 712 2457; x_wconf 83' lang='lat' dir='ltr'>&#39;vestram</span> <span class='ocrx_word' id='word_1_162' title='bbox 744 2401 911 2444; x_wconf 90' lang='lat' dir='ltr'>monemus</span> <span class='ocrx_word' id='word_1_163' title='bbox 943 2383 1101 2446; x_wconf 85' lang='lat' dir='ltr'>attentius</span> <span class='ocrx_word' id='word_1_164' title='bbox 1129 2390 1162 2448; x_wconf 88' lang='lat' dir='ltr'>et</span> <span class='ocrx_word' id='word_1_165' title='bbox 1189 2405 1248 2467; x_wconf 92' lang='lat' dir='ltr'>per</span> <span class='ocrx_word' id='word_1_166' title='bbox 1275 2385 1456 2468; x_wconf 89' lang='lat' dir='ltr'>apostolica</span> <span class='ocrx_word' id='word_1_167' title='bbox 1482 2385 1578 2450; x_wconf 87' lang='lat' dir='ltr'>vobis</span> 
     </span>
     <span class='ocr_line' id='line_1_21' title="bbox 297 2487 1578 2574; baseline 0.003 -22"><span class='ocrx_word' id='word_1_168' title='bbox 297 2488 419 2571; x_wconf 91' lang='lat' dir='ltr'>scripta</span> <span class='ocrx_word' id='word_1_169' title='bbox 441 2487 644 2569; x_wconf 90' lang='lat' dir='ltr'>mandamus,</span> <span class='ocrx_word' id='word_1_170' title='bbox 668 2492 706 2550; x_wconf 90' lang='lat' dir='ltr'>ut</span> <span class='ocrx_word' id='word_1_171' title='bbox 728 2487 962 2552; x_wconf 90' lang='lat' dir='ltr'>monasterium</span> <span class='ocrx_word' id='word_1_172' title='bbox 985 2488 1092 2570; x_wconf 91' lang='lat' dir='ltr'>ipsum</span> <span class='ocrx_word' id='word_1_173' title='bbox 1120 2495 1152 2553; x_wconf 91' lang='lat' dir='ltr'>et</span> <span class='ocrx_word' id='word_1_174' title='bbox 1179 2492 1252 2555; x_wconf 92' lang='lat' dir='ltr'>iura</span> <span class='ocrx_word' id='word_1_175' title='bbox 1280 2513 1339 2555; x_wconf 91' lang='lat' dir='ltr'>sua</span> <span class='ocrx_word' id='word_1_176' title='bbox 1363 2491 1499 2574; x_wconf 89' lang='lat' dir='ltr'>speciali</span> <span class='ocrx_word' id='word_1_177' title='bbox 1525 2491 1578 2556; x_wconf 92' lang='lat' dir='ltr'>de-</span> 
     </span>
     <span class='ocr_line' id='line_1_22' title="bbox 296 2593 1579 2680; baseline 0.003 -24"><span class='ocrx_word' id='word_1_178' title='bbox 296 2593 439 2658; x_wconf 86' lang='lat' dir='ltr'>fensione</span> <span class='ocrx_word' id='word_1_179' title='bbox 473 2599 601 2658; x_wconf 89' lang='lat' dir='ltr'>tuentes</span> <span class='ocrx_word' id='word_1_180' title='bbox 635 2614 654 2656; x_wconf 90' lang='lat' dir='ltr'>a</span> <span class='ocrx_word' id='word_1_181' title='bbox 681 2614 855 2676; x_wconf 88' lang='lat' dir='ltr'>pravorum</span> <span class='ocrx_word' id='word_1_182' title='bbox 888 2594 1070 2666; x_wconf 90' lang='lat' dir='ltr'>incursibus</span> <span class='ocrx_word' id='word_1_183' title='bbox 1103 2601 1216 2661; x_wconf 89' lang='lat' dir='ltr'>nostra</span> <span class='ocrx_word' id='word_1_184' title='bbox 1248 2603 1281 2660; x_wconf 88' lang='lat' dir='ltr'>et</span> <span class='ocrx_word' id='word_1_185' title='bbox 1310 2603 1419 2661; x_wconf 87' lang='lat' dir='ltr'>vestra</span> <span class='ocrx_word' id='word_1_186' title='bbox 1451 2598 1579 2680; x_wconf 89' lang='lat' dir='ltr'>pariter</span> 
     </span>
     <span class='ocr_line' id='line_1_23' title="bbox 297 2699 1578 2785; baseline 0.002 -21"><span class='ocrx_word' id='word_1_187' title='bbox 297 2699 447 2765; x_wconf 88' lang='lat' dir='ltr'>efficiatis</span> <span class='ocrx_word' id='word_1_188' title='bbox 478 2701 674 2765; x_wconf 90' lang='lat' dir='ltr'>auctoritate</span> <span class='ocrx_word' id='word_1_189' title='bbox 707 2721 870 2782; x_wconf 81' lang='lat' dir='ltr'>securum,</span> <span class='ocrx_word' id='word_1_190' title='bbox 903 2699 1009 2784; x_wconf 90' lang='lat' dir='ltr'>ipsum</span> <span class='ocrx_word' id='word_1_191' title='bbox 1039 2708 1072 2766; x_wconf 91' lang='lat' dir='ltr'>et</span> <span class='ocrx_word' id='word_1_192' title='bbox 1094 2704 1257 2785; x_wconf 89' lang='lat' dir='ltr'>prioratus</span> <span class='ocrx_word' id='word_1_193' title='bbox 1289 2703 1373 2785; x_wconf 79' lang='lat' dir='ltr'>eius,</span> <span class='ocrx_word' id='word_1_194' title='bbox 1397 2704 1431 2766; x_wconf 91' lang='lat' dir='ltr'>in</span> <span class='ocrx_word' id='word_1_195' title='bbox 1458 2705 1578 2767; x_wconf 88' lang='lat' dir='ltr'>vestris</span> 
     </span>
     <span class='ocr_line' id='line_1_24' title="bbox 296 2805 1578 2892; baseline 0.003 -22"><span class='ocrx_word' id='word_1_196' title='bbox 296 2806 459 2889; x_wconf 88' lang='lat' dir='ltr'>parochiis</span> <span class='ocrx_word' id='word_1_197' title='bbox 479 2807 683 2888; x_wconf 72' lang='lat' dir='ltr'>constitutos</span> <span class='ocrx_word' id='word_1_198' title='bbox 702 2805 860 2870; x_wconf 91' lang='lat' dir='ltr'>habentes</span> <span class='ocrx_word' id='word_1_199' title='bbox 880 2806 922 2870; x_wconf 91' lang='lat' dir='ltr'>ad</span> <span class='ocrx_word' id='word_1_200' title='bbox 940 2828 1073 2890; x_wconf 90' lang='lat' dir='ltr'>precum</span> <span class='ocrx_word' id='word_1_201' title='bbox 1091 2815 1276 2874; x_wconf 88' lang='lat' dir='ltr'>nostrarum</span> <span class='ocrx_word' id='word_1_202' title='bbox 1295 2810 1489 2874; x_wconf 89' lang='lat' dir='ltr'>instantiam</span> <span class='ocrx_word' id='word_1_203' title='bbox 1506 2831 1578 2892; x_wconf 88' lang='lat' dir='ltr'>spe-</span> 
     </span>
     <span class='ocr_line' id='line_1_25' title="bbox 297 2913 1579 3000; baseline 0 -22"><span class='ocrx_word' id='word_1_204' title='bbox 297 2913 424 2978; x_wconf 90' lang='lat' dir='ltr'>cialiter</span> <span class='ocrx_word' id='word_1_205' title='bbox 453 2914 487 2976; x_wconf 91' lang='lat' dir='ltr'>in</span> <span class='ocrx_word' id='word_1_206' title='bbox 510 2913 650 2989; x_wconf 86' lang='lat' dir='ltr'>Domino</span> <span class='ocrx_word' id='word_1_207' title='bbox 680 2913 971 2992; x_wconf 71' lang='lat' dir='ltr'>commendatum³;</span> <span class='ocrx_word' id='word_1_208' title='bbox 1006 2919 1039 2978; x_wconf 91' lang='lat' dir='ltr'>et</span> <span class='ocrx_word' id='word_1_209' title='bbox 1066 2915 1093 2979; x_wconf 91' lang='lat' dir='ltr'>si</span> <span class='ocrx_word' id='word_1_210' title='bbox 1124 2917 1181 2997; x_wconf 88' lang='lat' dir='ltr'>qui</span> <span class='ocrx_word' id='word_1_211' title='bbox 1203 2915 1363 3000; x_wconf 87' lang='lat' dir='ltr'>praedicti</span> <span class='ocrx_word' id='word_1_212' title='bbox 1386 2915 1579 2986; x_wconf 81' lang='lat' dir='ltr'>monasterii</span> 
     </span>
     <span class='ocr_line' id='line_1_26' title="bbox 296 3019 1578 3087; baseline 0.002 -3"><span class='ocrx_word' id='word_1_213' title='bbox 296 3019 527 3085; x_wconf 88' lang='lat' dir='ltr'>monachorum</span> <span class='ocrx_word' id='word_1_214' title='bbox 551 3019 592 3084; x_wconf 87' lang='lat' dir='ltr'>ab</span> <span class='ocrx_word' id='word_1_215' title='bbox 617 3019 802 3084; x_wconf 91' lang='lat' dir='ltr'>obedientia</span> <span class='ocrx_word' id='word_1_216' title='bbox 825 3024 858 3084; x_wconf 89' lang='lat' dir='ltr'>et</span> <span class='ocrx_word' id='word_1_217' title='bbox 882 3019 1052 3084; x_wconf 82' lang='lat' dir='ltr'>dovotione</span> <span class='ocrx_word' id='word_1_218' title='bbox 1077 3021 1206 3086; x_wconf 90' lang='lat' dir='ltr'>abbatis</span> <span class='ocrx_word' id='word_1_219' title='bbox 1235 3023 1285 3087; x_wconf 92' lang='lat' dir='ltr'>sni</span> <span class='ocrx_word' id='word_1_220' title='bbox 1308 3023 1494 3087; x_wconf 87' lang='lat' dir='ltr'>temeritate</span> <span class='ocrx_word' id='word_1_221' title='bbox 1519 3023 1578 3086; x_wconf 89' lang='lat' dir='ltr'>ali-</span> 
     </span>
     <span class='ocr_line' id='line_1_27' title="bbox 297 3125 1578 3210; baseline 0.002 -20"><span class='ocrx_word' id='word_1_222' title='bbox 297 3147 362 3209; x_wconf 92' lang='lat' dir='ltr'>qua</span> <span class='ocrx_word' id='word_1_223' title='bbox 384 3126 549 3191; x_wconf 86' lang='lat' dir='ltr'>resilirent</span> <span class='ocrx_word' id='word_1_224' title='bbox 581 3132 613 3190; x_wconf 93' lang='lat' dir='ltr'>et</span> <span class='ocrx_word' id='word_1_225' title='bbox 645 3126 836 3209; x_wconf 89' lang='lat' dir='ltr'>disciplinae</span> <span class='ocrx_word' id='word_1_226' title='bbox 864 3125 998 3191; x_wconf 90' lang='lat' dir='ltr'>subesse</span> <span class='ocrx_word' id='word_1_227' title='bbox 1026 3131 1225 3193; x_wconf 90' lang='lat' dir='ltr'>monasticae</span> <span class='ocrx_word' id='word_1_228' title='bbox 1254 3129 1487 3210; x_wconf 87' lang='lat' dir='ltr'>detrectarent,</span> <span class='ocrx_word' id='word_1_229' title='bbox 1522 3149 1578 3194; x_wconf 92' lang='lat' dir='ltr'>eos</span> 
     </span>
     <span class='ocr_line' id='line_1_28' title="bbox 256 3219 1577 3317; baseline 0.002 -21"><span class='ocrx_word' id='word_1_230' title='bbox 256 3219 260 3226; x_wconf 42' lang='lat'>⁵</span> <span class='ocrx_word' id='word_1_231' title='bbox 297 3233 339 3296; x_wconf 93' lang='lat' dir='ltr'>ad</span> <span class='ocrx_word' id='word_1_232' title='bbox 362 3232 540 3296; x_wconf 89' lang='lat' dir='ltr'>claustrum</span> <span class='ocrx_word' id='word_1_233' title='bbox 563 3233 669 3297; x_wconf 90' lang='lat' dir='ltr'>redire</span> <span class='ocrx_word' id='word_1_234' title='bbox 685 3237 717 3297; x_wconf 91' lang='lat' dir='ltr'>et</span> <span class='ocrx_word' id='word_1_235' title='bbox 731 3231 860 3297; x_wconf 89' lang='lat' dir='ltr'>abbatis</span> <span class='ocrx_word' id='word_1_236' title='bbox 876 3232 926 3296; x_wconf 92' lang='lat' dir='ltr'>sui</span> <span class='ocrx_word' id='word_1_237' title='bbox 941 3234 1133 3298; x_wconf 88' lang='lat' dir='ltr'>correctioni</span> <span class='ocrx_word' id='word_1_238' title='bbox 1149 3255 1274 3317; x_wconf 85' lang='lat' dir='ltr'>parere,</span> <span class='ocrx_word' id='word_1_239' title='bbox 1299 3256 1373 3299; x_wconf 91' lang='lat' dir='ltr'>cum</span> <span class='ocrx_word' id='word_1_240' title='bbox 1396 3234 1438 3299; x_wconf 92' lang='lat' dir='ltr'>ab</span> <span class='ocrx_word' id='word_1_241' title='bbox 1463 3234 1577 3299; x_wconf 91' lang='lat' dir='ltr'>eodem</span> 
     </span>
     <span class='ocr_line' id='line_1_29' title="bbox 296 3321 1579 3423; baseline 0.001 -20"><span class='ocrx_word' id='word_1_242' title='bbox 296 3321 416 3404; x_wconf 85' lang='lat' dir='ltr'>abbate</span> <span class='ocrx_word' id='word_1_243' title='bbox 439 3338 589 3422; x_wconf 90' lang='lat' dir='ltr'>requisiti</span> <span class='ocrx_word' id='word_1_244' title='bbox 612 3337 749 3420; x_wconf 84' lang='lat' dir='ltr'>fueritis,</span> <span class='ocrx_word' id='word_1_245' title='bbox 774 3338 991 3422; x_wconf 90' lang='lat' dir='ltr'>appellatione</span> <span class='ocrx_word' id='word_1_246' title='bbox 1014 3345 1140 3405; x_wconf 90' lang='lat' dir='ltr'>remota</span> <span class='ocrx_word' id='word_1_247' title='bbox 1157 3361 1216 3423; x_wconf 91' lang='lat' dir='ltr'>per</span> <span class='ocrx_word' id='word_1_248' title='bbox 1235 3361 1407 3406; x_wconf 89' lang='lat' dir='ltr'>censuram</span> <span class='ocrx_word' id='word_1_249' title='bbox 1425 3340 1579 3405; x_wconf 88' lang='lat' dir='ltr'>ecclesia-</span> 
     </span>
     <span class='ocr_line' id='line_1_30' title="bbox 297 3443 1578 3529; baseline 0.002 -21"><span class='ocrx_word' id='word_1_250' title='bbox 297 3445 412 3509; x_wconf 91' lang='lat' dir='ltr'>sticam</span> <span class='ocrx_word' id='word_1_251' title='bbox 436 3444 647 3528; x_wconf 86' lang='lat' dir='ltr'>compellatis.</span> <span class='ocrx_word' id='word_1_252' title='bbox 694 3443 818 3509; x_wconf 91' lang='lat' dir='ltr'>Datum</span> <span class='ocrx_word' id='word_1_253' title='bbox 831 3444 956 3510; x_wconf 88' lang='lat' dir='ltr'>Romae</span> <span class='ocrx_word' id='word_1_254' title='bbox 983 3446 1070 3529; x_wconf 89' lang='lat' dir='ltr'>apud</span> <span class='ocrx_word' id='word_1_255' title='bbox 1089 3452 1238 3511; x_wconf 89' lang='lat' dir='ltr'>sanctum</span> <span class='ocrx_word' id='word_1_256' title='bbox 1254 3445 1389 3512; x_wconf 91' lang='lat' dir='ltr'>Petrum</span> <span class='ocrx_word' id='word_1_257' title='bbox 1407 3445 1479 3512; x_wconf 84' lang='lat' dir='ltr'>IIII</span> <span class='ocrx_word' id='word_1_258' title='bbox 1498 3447 1578 3511; x_wconf 89' lang='lat' dir='ltr'>Idus</span> 
     </span>
     <span class='ocr_line' id='line_1_31' title="bbox 296 3551 1005 3635; baseline 0.004 -21"><span class='ocrx_word' id='word_1_259' title='bbox 296 3551 385 3632; x_wconf 89' lang='lat' dir='ltr'>Maii,</span> <span class='ocrx_word' id='word_1_260' title='bbox 410 3551 618 3635; x_wconf 90' lang='lat' dir='ltr'>pontificatus</span> <span class='ocrx_word' id='word_1_261' title='bbox 642 3551 746 3617; x_wconf 89' lang='lat' dir='ltr'>nostri</span> <span class='ocrx_word' id='word_1_262' title='bbox 770 3572 854 3616; x_wconf 91' lang='lat' dir='ltr'>anno</span> <span class='ocrx_word' id='word_1_263' title='bbox 879 3558 1005 3633; x_wconf 84' lang='lat' dir='ltr'>quarte.</span> 
     </span>
    </p>
   </div>
   <div class='ocr_carea' id='block_1_3' title="bbox 296 3769 1578 4266">
    <p class='ocr_par' dir='ltr' id='par_1_3' title="bbox 296 3769 1578 4266">
     <span class='ocr_line' id='line_1_32' title="bbox 296 3769 1577 3848; baseline -0.004 -14"><span class='ocrx_word' id='word_1_264' title='bbox 296 3769 382 3835; x_wconf 89' lang='lat'>410.</span> <span class='ocrx_word' id='word_1_265' title='bbox 411 3771 590 3831; x_wconf 77' lang='lat' dir='ltr'>Caelestinus</span> <span class='ocrx_word' id='word_1_266' title='bbox 612 3771 663 3830; x_wconf 91' lang='grc' dir='ltr'>ΙΙΙ</span> <span class='ocrx_word' id='word_1_267' title='bbox 685 3771 836 3830; x_wconf 75' lang='lat' dir='ltr'>uniuersis</span> <span class='ocrx_word' id='word_1_268' title='bbox 868 3771 1019 3846; x_wconf 75' lang='lat' dir='ltr'>fidelitas,</span> <span class='ocrx_word' id='word_1_269' title='bbox 1052 3771 1092 3830; x_wconf 84' lang='lat' dir='ltr'>ad</span> <span class='ocrx_word' id='word_1_270' title='bbox 1116 3771 1227 3847; x_wconf 65' lang='lat' dir='ltr'>festuca</span> <span class='ocrx_word' id='word_1_271' title='bbox 1256 3771 1286 3830; x_wconf 83' lang='lat' dir='ltr'>S.</span> <span class='ocrx_word' id='word_1_272' title='bbox 1310 3771 1392 3830; x_wconf 78' lang='lat' dir='ltr'>Patri</span> <span class='ocrx_word' id='word_1_273' title='bbox 1427 3772 1577 3848; x_wconf 73' lang='lat' dir='ltr'>qmadam</span> 
     </span>
     <span class='ocr_line' id='line_1_33' title="bbox 407 3877 1578 3953; baseline 0 -17"><span class='ocrx_word' id='word_1_274' title='bbox 407 3878 616 3953; x_wconf 75' lang='lat' dir='ltr'>archicpiscopi</span> <span class='ocrx_word' id='word_1_275' title='bbox 647 3878 884 3938; x_wconf 74' lang='lat' dir='ltr'>Tarantasdcnsa‘s</span> <span class='ocrx_word' id='word_1_276' title='bbox 910 3879 946 3936; x_wconf 80' lang='lat' dir='ltr'>in</span> <span class='ocrx_word' id='word_1_277' title='bbox 972 3877 1153 3937; x_wconf 65' lang='lat' dir='ltr'>monestede</span> <span class='ocrx_word' id='word_1_278' title='bbox 1180 3877 1377 3937; x_wconf 77' lang='lat' dir='ltr'>Balbe-callis</span> <span class='ocrx_word' id='word_1_279' title='bbox 1406 3879 1578 3938; x_wconf 79' lang='lat' dir='ltr'>conuenien-</span> 
     </span>
     <span class='ocr_line' id='line_1_34' title="bbox 408 3984 1578 4044; baseline -0.002 -1"><span class='ocrx_word' id='word_1_280' title='bbox 408 3985 485 4043; x_wconf 76' lang='lat' dir='ltr'>tibus</span> <span class='ocrx_word' id='word_1_281' title='bbox 508 3991 534 4044; x_wconf 82' lang='lat' dir='ltr'>ct</span> <span class='ocrx_word' id='word_1_282' title='bbox 556 3985 595 4043; x_wconf 83' lang='lat' dir='ltr'>ad</span> <span class='ocrx_word' id='word_1_283' title='bbox 616 3985 765 4043; x_wconf 77' lang='lat' dir='ltr'>ecclesiam</span> <span class='ocrx_word' id='word_1_284' title='bbox 787 3984 821 4042; x_wconf 80' lang='lat' dir='ltr'>in</span> <span class='ocrx_word' id='word_1_285' title='bbox 845 3985 910 4044; x_wconf 81' lang='lat' dir='ltr'>cias</span> <span class='ocrx_word' id='word_1_286' title='bbox 932 3985 1242 4043; x_wconf 74' lang='lat' dir='ltr'>commemorationum</span> <span class='ocrx_word' id='word_1_287' title='bbox 1259 3984 1488 4044; x_wconf 79' lang='lat' dir='ltr'>construendam</span> <span class='ocrx_word' id='word_1_288' title='bbox 1510 3985 1578 4042; x_wconf 81' lang='lat' dir='ltr'>sab-</span> 
     </span>
     <span class='ocr_line' id='line_1_35' title="bbox 407 4090 1480 4167; baseline 0 -17"><span class='ocrx_word' id='word_1_289' title='bbox 407 4091 488 4150; x_wconf 79' lang='lat' dir='ltr'>sidr&#39;a</span> <span class='ocrx_word' id='word_1_290' title='bbox 504 4090 737 4166; x_wconf 74' lang='lat' dir='ltr'>porripeatc&#39;bns,</span> <span class='ocrx_word' id='word_1_291' title='bbox 758 4090 864 4165; x_wconf 73' lang='lat' dir='ltr'>clpinta&#39;</span> <span class='ocrx_word' id='word_1_292' title='bbox 886 4091 949 4149; x_wconf 81' lang='lat' dir='ltr'>dies</span> <span class='ocrx_word' id='word_1_293' title='bbox 970 4091 1123 4167; x_wconf 72' lang='lat' dir='ltr'>injunctae</span> <span class='ocrx_word' id='word_1_294' title='bbox 1139 4091 1338 4166; x_wconf 77' lang='lat' dir='ltr'>poenitenliae</span> <span class='ocrx_word' id='word_1_295' title='bbox 1360 4091 1480 4150; x_wconf 71' lang='lat' dir='ltr'>relocat</span> 
     </span>
     <span class='ocr_line' id='line_1_36' title="bbox 394 4205 1436 4266; baseline -0.001 -2"><span class='ocrx_word' id='word_1_296' title='bbox 394 4205 396 4208; x_wconf 70' lang='grc'><strong>’</strong></span> <span class='ocrx_word' id='word_1_297' title='bbox 438 4210 510 4266; x_wconf 90' lang='lat' dir='ltr'>Bibl.</span> <span class='ocrx_word' id='word_1_298' title='bbox 530 4216 587 4264; x_wconf 87' lang='lat' dir='ltr'>nat.</span> <span class='ocrx_word' id='word_1_299' title='bbox 606 4209 697 4266; x_wconf 60' lang='lat' dir='ltr'>Paris„</span> <span class='ocrx_word' id='word_1_300' title='bbox 713 4208 785 4263; x_wconf 86' lang='lat' dir='ltr'>Ooll.</span> <span class='ocrx_word' id='word_1_301' title='bbox 804 4208 922 4264; x_wconf 86' lang='lat' dir='ltr'>Moreau</span> <span class='ocrx_word' id='word_1_302' title='bbox 940 4209 1002 4265; x_wconf 78' lang='lat'><strong>870.</strong></span> <span class='ocrx_word' id='word_1_303' title='bbox 1030 4208 1171 4265; x_wconf 77' lang='lat' dir='ltr'>f01.176¹³.</span> <span class='ocrx_word' id='word_1_304' title='bbox 1200 4227 1286 4264; x_wconf 89' lang='lat' dir='ltr'>manu</span> <span class='ocrx_word' id='word_1_305' title='bbox 1304 4226 1325 4263; x_wconf 84' lang='lat' dir='ltr'>s.</span> <span class='ocrx_word' id='word_1_306' title='bbox 1344 4222 1436 4263; x_wconf 87' lang='lat' dir='ltr'>xvm.</span> 
     </span>
    </p>
   </div>
   <div class='ocr_carea' id='block_1_4' title="bbox 171 4350 1577 4540">
    <p class='ocr_par' dir='ltr' id='par_1_4' title="bbox 171 4350 1577 4540">
     <span class='ocr_line' id='line_1_37' title="bbox 184 4350 1577 4445; baseline -0.002 -26"><span class='ocrx_word' id='word_1_307' title='bbox 184 4368 268 4427; x_wconf 88' lang='lat'>1194</span> <span class='ocrx_word' id='word_1_308' title='bbox 385 4350 566 4418; x_wconf 82' lang='lat' dir='ltr'>Celestinus</span> <span class='ocrx_word' id='word_1_309' title='bbox 600 4352 770 4435; x_wconf 90' lang='lat' dir='ltr'>episcopus</span> <span class='ocrx_word' id='word_1_310' title='bbox 804 4373 916 4416; x_wconf 88' lang='lat' dir='ltr'>servus</span> <span class='ocrx_word' id='word_1_311' title='bbox 949 4373 1115 4417; x_wconf 85' lang='lat' dir='ltr'>servorum</span> <span class='ocrx_word' id='word_1_312' title='bbox 1147 4351 1229 4416; x_wconf 83' lang='lat' dir='ltr'>Deib</span> <span class='ocrx_word' id='word_1_313' title='bbox 1256 4352 1423 4445; x_wconf 40' lang='lat' dir='ltr'>*universis</span> <span class='ocrx_word' id='word_1_314' title='bbox 1456 4351 1577 4417; x_wconf 81' lang='lat' dir='ltr'>Christi</span> 
     </span>
     <span class='ocr_line' id='line_1_38' title="bbox 171 4456 1576 4540; baseline -0.004 -13"><span class='ocrx_word' id='word_1_315' title='bbox 171 4459 236 4527; x_wconf 87' lang='lat' dir='ltr'>Iun.</span> <span class='ocrx_word' id='word_1_316' title='bbox 249 4459 277 4515; x_wconf 84' lang='lat'>2.</span> <span class='ocrx_word' id='word_1_317' title='bbox 296 4459 446 4524; x_wconf 90' lang='lat' dir='ltr'>fidelibus</span> <span class='ocrx_word' id='word_1_318' title='bbox 479 4459 521 4524; x_wconf 88' lang='lat' dir='ltr'>ad</span> <span class='ocrx_word' id='word_1_319' title='bbox 554 4459 676 4526; x_wconf 54' lang='lat' dir='ltr'>festum.</span> <span class='ocrx_word' id='word_1_320' title='bbox 707 4459 812 4525; x_wconf 89' lang='lat' dir='ltr'>sancti</span> <span class='ocrx_word' id='word_1_321' title='bbox 843 4457 935 4522; x_wconf 90' lang='lat' dir='ltr'>Petri</span> <span class='ocrx_word' id='word_1_322' title='bbox 972 4459 1135 4540; x_wconf 92' lang='lat' dir='ltr'>quondam</span> <span class='ocrx_word' id='word_1_323' title='bbox 1173 4456 1435 4523; x_wconf 80' lang='lat' dir='ltr'>Tarentasiensis</span> <span class='ocrx_word' id='word_1_324' title='bbox 1474 4459 1576 4522; x_wconf 89' lang='lat' dir='ltr'>archi·</span> 
     </span>
    </p>
   </div>
   <div class='ocr_carea' id='block_1_5' title="bbox 16 4561 1248 4701">
    <p class='ocr_par' dir='ltr' id='par_1_5' title="bbox 16 4561 1248 4701">
     <span class='ocr_line' id='line_1_39' title="bbox 16 4561 17 4592; baseline 0 0"><span class='ocrx_word' id='word_1_325' title='bbox 16 4561 17 4592; x_wconf 79' lang='lat' dir='ltr'>l</span> 
     </span>
     <span class='ocr_line' id='line_1_40' title="bbox 385 4631 1248 4701; baseline 0 -13"><span class='ocrx_word' id='word_1_326' title='bbox 385 4642 397 4666; x_wconf 76' lang='lat'>⁸</span> <span class='ocrx_word' id='word_1_327' title='bbox 415 4641 576 4701; x_wconf 59' lang='lat' dir='ltr'>carpendum</span> <span class='ocrx_word' id='word_1_328' title='bbox 593 4631 686 4692; x_wconf 66' lang='grc' dir='ltr'>’νίᾰιιτιπ</span> <span class='ocrx_word' id='word_1_329' title='bbox 704 4639 899 4691; x_wconf 74' lang='lat' dir='ltr'>commendatos</span> <span class='ocrx_word' id='word_1_330' title='bbox 970 4634 983 4667; x_wconf 66' lang='lat' dir='ltr'>b</span> <span class='ocrx_word' id='word_1_331' title='bbox 1002 4639 1144 4688; x_wconf 83' lang='lat' dir='ltr'>Celestinus</span> <span class='ocrx_word' id='word_1_332' title='bbox 1163 4643 1208 4688; x_wconf 84' lang='lat' dir='ltr'>etc.</span> <span class='ocrx_word' id='word_1_333' title='bbox 1227 4658 1248 4688; x_wconf 83' lang='lat' dir='ltr'>a</span> 
     </span>
    </p>
   </div>
   <div class='ocr_carea' id='block_1_6' title="bbox 0 0 1650 5184">
    <p class='ocr_par' dir='ltr' id='par_1_6' title="bbox 0 0 1650 5184">
     <span class='ocr_line' id='line_1_41' title="bbox 0 0 1650 5184; baseline 0 0"><span class='ocrx_word' id='word_1_334' title='bbox 0 0 1650 5184; x_wconf 95' lang='lat' dir='ltr'> </span> 
     </span>
    </p>
   </div>
  </div>
 </body>
</html>
