3336 5184
531 307 668 362 Euenum
685 319 722 360 111
740 319 908 362 ammonas
928 307 978 362 193
1351 295 1392 357 99

111 491 196 535 nem.
236 467 367 551 Quanto
391 467 529 551 amplius
549 466 639 533 beati
658 465 815 549 Stephani
838 468 1009 533 ecclesiam
1033 474 1066 533 et
1086 489 1242 552 personas
1267 476 1392 535 vestras
1412 472 1567 538 1145-46

113 575 290 659 diligimus,
314 581 408 640 tanta
431 574 533 656 magis
556 574 713 638 miramur
732 579 765 638 et
782 575 913 656 gravius
936 573 1079 655 ferimus,
1104 575 1132 638 si
1155 575 1234 657 quid
1257 597 1277 640 a
1299 576 1391 642 vobis
1427 563 1562 627 Ilm-28·

111 683 163 748 vel
187 703 248 767 per
269 704 326 748 vos
350 687 464 747 contra
494 681 698 746 honestatem
731 687 873 746 vestram
905 678 1027 746 factum
1056 701 1126 746 esse
1157 683 1390 765 cognoscimus.

113 788 342 873 Significatum
375 788 468 853 nobis
502 793 565 868 est,
600 786 687 870 quod
717 787 751 852 in
774 788 957 871 privilegio,
982 787 1069 869 quod
1096 809 1154 871 per
1177 789 1395 855 venerabilem

112 896 250 961 tratrem
274 895 477 979 A(medeum)
508 892 760 978 Lugdunensem
792 894 1070 977 archiepiscopum
1101 895 1194 960 nobis
1227 897 1395 961 transmis-

113 1013 205 1067 sum·
238 1002 330 1067 vobis
361 1001 495 1066 fecimus
527 1001 688 1081 innovari,
720 1022 844 1084 pascua
867 1000 906 1064 de
930 999 1115 1082 Valeriaco,
1145 1023 1230 1084 quae
1252 1004 1396 1086 religiosi

112 1110 234 1174 fratres
258 1109 361 1174 nostri
381 1107 553 1191 Speciosae
576 1107 690 1171 vallisl
713 1106 892 1190 possident,
917 1105 1100 1172 confirmari
1123 1107 1255 1174 fecistis.
1302 1108 1396 1192 Quod

113 1222 276 1299 quantum
309 1215 352 1279 sit
382 1214 502 1279 rationi
534 1214 733 1279 contrarium
757 1219 791 1278 et
812 1213 904 1279 vobis
937 1213 1156 1296 inhonestum,
1189 1215 1397 1298 prudentiam

112 1330 260 1388 vestram
278 1342 343 1386 non
362 1319 474 1385 debuit
491 1321 636 1385 latuisse.
670 1319 755 1402 Quia
777 1320 877 1402 igitur
896 1321 999 1385 nostri
1018 1318 1117 1385 officii
1141 1327 1192 1386 est
1213 1322 1299 1388 male
1322 1328 1397 1387 acta

114 1429 290 1511 corrigere,
315 1426 450 1491 eandem
474 1426 752 1492 confirmationem
781 1432 813 1490 et
836 1427 1079 1509 inscriptionem
1103 1429 1297 1494 auctoritate
1320 1450 1396 1511 apo-

114 1536 234 1602 stolica
257 1555 450 1599 evacuamus
483 1539 516 1597 et
546 1533 674 1598 irritam
706 1553 778 1597 esse
801 1554 984 1614 censemus,
1018 1555 1077 1617 per
1104 1535 1283 1617 apostolica
1306 1533 1396 1600 vobis

116 1643 242 1726 scripta
264 1639 515 1724 praecipientes,
549 1640 703 1721 quatinus
730 1639 933 1722 privilegium
961 1641 1068 1723 ipsum
1091 1642 1246 1725 proximis
1275 1642 1397 1706 octavis

114 1749 279 1834 paschae²
305 1745 400 1811 nobis
423 1746 596 1829 reportetis
624 1751 657 1808 st
681 1743 720 1809 de
743 1746 966 1829 surreptioneb
992 1746 1227 1829 respondeatis.
1275 1748 1398 1813 Datum

114 1854 260 1921 Viterbii
283 1851 354 1916 1111
377 1851 543 1917 Kalendas
567 1851 767 1917 Decembris.

652 2017 865 2024 ———.-—-

115 2125 201 2191 193.
231 2125 385 2200 &mertias
407 2123 459 2184 111
479 2123 633 2182 raoaacbis
656 2123 836 2182 Elatensibus
858 2123 1066 2182 salutationem
1088 2124 1213 2200 dcacpat,
1238 2126 1310 2201 qaia
1332 2145 1399 2186 cam

231 2233 266 2291 B.
290 2229 432 2290 monacho
447 2229 663 2302 Moesiacam,
687 2230 723 2289 ab
737 2230 866 2289 Albaioo
891 2230 1021 2290 Ostiensi
1038 2232 1297 2306 accmamoac'oata
1322 2251 1399 2292 com-

231 2337 453 2396 municaverint,
489 2336 642 2409 Hortatur,
665 2342 699 2394 at
721 2336 851 2395 abbatem
873 2321 987 2412 eligant.

308 2456 379 2510 Bibl.
398 2463 455 2510 nat.
475 2455 563 2510 Paris.
583 2455 652 2510 0011.
672 2455 748 2510 Doat
767 2455 818 2508 128
837 2455 883 2510 fol.
901 2456 967 2511 2291
985 2473 1073 2510 manu
1091 2474 1112 2510 s.
1131 2470 1210 2510 xvn.

208 2599 375 2682 Eugenius
400 2599 569 2681 episcopus
594 2618 704 2662 servus
729 2618 894 2662 servorum
917 2595 980 2661 Dei
1003 2598 1169 2663 monachis
1193 2597 1397 2664 Exiensibus.
1438 2613 1522 2673 1146

118 2705 216 2789 Quod
239 2715 313 2770 vos⁰
346 2704 385 2770 de
412 2704 501 2770 beati
525 2703 616 2769 Petri
639 2709 672 2768 et
693 2708 806 2768 nostra
829 2705 936 2785 gratia
963 2706 1095 2769 minime
1119 2705 1313 2787 salutamus
1345 2729 1399 2771 ne·
1418 2703 1504 2763 Mart·
1517 2704 1544 2763 6-

118 2833 287 2895 quaquam
311 2818 441 2876 nostrae
465 2811 632 2880 severitati
656 2808 712 2874 sed
735 2810 992 2892 praesumptioni
1015 2816 1142 2875 vestrae
1169 2813 1277 2894 potius
1302 2811 1400 2897 depu-

117 2920 207 2984 tetis,
247 2917 339 2982 Sicut
362 2917 448 2982 enim
471 2917 666 2982 venerabilis
690 2916 800 2980 fratris
831 2917 935 2981 nostri
962 2916 1128 3002 A(lberici)
1152 2916 1311 2983 Ostiensis
1335 2921 1400 3003 epi-

119 3025 212 3108 scopi
236 3025 446 3089 attestatione
470 3029 503 3088 et
529 3023 667 3088 fratrum
690 3023 914 3088 Moisiacensis
940 3024 1128 3088 monasterii
1160 3025 1317 3091 relatione
1350 3049 1400 3092 co·

119 3133 300 3214 gnovimus,
324 3129 474 3194 Exiensis
494 3130 631 3194 ecclesia
650 3151 689 3194 ex
708 3129 792 3195 dono
806 3134 839 3193 et
858 3130 1062 3194 concessione
1076 3129 1298 3196 Romanorum
1322 3154 1400 3214 pon-

120 3237 248 3302 tificum
270 3237 421 3318 regimini
445 3243 478 3301 et
501 3235 696 3301 ordinationi
720 3234 942 3300 Cluniacensis
970 3237 1159 3300 monasterii
1187 3237 1318 3302 subdita
1342 3245 1400 3321 cst,

121 3365 183 3408 nec
207 3342 330 3424 absque
355 3341 575 3407 cluniacensis
603 3342 733 3407 abbatis
763 3340 966 3424 providentia
994 3346 1027 3404 et
1053 3342 1187 3407 consilio
1216 3343 1318 3409 abbas
1340 3345 1401 3409 ibi-

122 3450 198 3514 dem
223 3454 272 3512 est
294 3448 474 3531 eligendus;
499 3471 563 3531 quo
588 3455 710 3531 contra,
735 3449 819 3513 sicut
841 3446 1016 3512 eorundem
1039 3447 1176 3512 fratrum
1201 3453 1402 3532 querimonia

122 3555 305 3636 didicimus,
329 3555 506 3620 monachus
525 3554 658 3637 quidam
676 3555 714 3619 B.
739 3555 877 3635 nomine,
901 3553 1066 3636 professus
1085 3555 1316 3638 Moysiacensis
1334 3579 1402 3623 mo-

122 3662 270 3743 nasterii,
294 3682 352 3744 per
371 3661 574 3743 quorundam
593 3662 813 3745 insipientium
833 3661 1023 3725 electionem
1041 3682 1158 3725 nomen
1178 3661 1308 3726 abbatis
1327 3662 1401 3727 sub-

122 3767 259 3832 nititur‘¹
282 3789 440 3850 usurpare
464 3774 497 3832 et
518 3767 693 3832 Exiensem
717 3768 886 3832 ecclesiam
916 3789 936 3831 a
960 3767 1157 3832 subiectione
1182 3767 1402 3833 Cluniacensis

122 3874 315 3938 monasterii
338 3878 371 3937 et
392 3873 625 3958 Moysiacensis
649 3875 778 3939 omnino
803 3872 1004 3938 subtrahere.
1042 3871 1136 3938 Unde
1160 3924 1388 3939 .....
1392 3885 1403 3914 ⁰

123 3966 352 4045 contemnunts
373 3980 414 4045 ab
439 3980 551 4045 eodem
575 3980 675 4045 fratre
698 3985 810 4046 nostro
831 3979 973 4045 Ostiensi
997 3981 1148 4063 episcopo
1173 3985 1205 4044 et
1228 3980 1402 4044 abbatibus

124 4086 204 4167 suis,
224 4085 429 4151 Oluniacensi
446 4086 597 4152 videlicet
616 4093 648 4151 et
664 4087 888 4170 Moysiaoensi,
909 4087 1249 4152 excommunicationis
1269 4091 1318 4150 est
1335 4087 1404 4149 vin-

124 4192 199 4257 culo
226 4190 410 4257 innodatus.
452 4192 520 4257 Vos
544 4200 653 4257 autem
677 4191 780 4256 eidem
805 4193 1092 4274 excommunicato,
1125 4197 1222 4275 prout
1244 4191 1338 4257 nobis
1362 4194 1404 4256 si-

124 4297 314 4381 gnificatum
338 4303 397 4380 est,
421 4300 659 4363 communicare
683 4299 890 4382 praesumitis
910 4304 1008 4380 atque
1027 4299 1128 4382 ipsius
1148 4300 1404 4364 excommunica-

216 4464 228 4488 *
245 4462 391 4510 transmisso
409 4480 428 4511 r.
502 4458 684 4511 bsurrectione
702 4479 721 4511 a.
794 4466 867 4510 “nor
885 4480 905 4512 c.
978 4458 1174 4510 dsubmtuntur
1191 4479 1211 4511 c.
1290 4465 1406 4510 ⁰bramu

126 4554 151 4600 in
169 4553 222 4601 rod.
296 4545 356 4598 ‘etc
373 4555 458 4612 carpet
469 4569 516 4612 pro
536 4554 695 4600 contemnent
712 4552 764 4600 cod.

220 4655 228 4684 ¹
248 4670 297 4708 seu
305 4653 502 4722 Bellus-vallis,
510 4654 543 4709 cf.
554 4653 588 4709 G.
596 4653 661 4708 cnr.
671 4653 737 4708 XV.
749 4653 808 4706 239.
854 4652 865 4682 ²
882 4658 933 4707 aut
943 4654 967 4705 7.
975 4652 1043 4723 Apr.
1056 4653 1123 4707 1146
1136 4657 1186 4707 aut
1195 4653 1236 4706 27.
1247 4653 1314 4724 Apr.
1327 4655 1404 4706 1147.

1156 4741 1191 4794 7*
