3284 5184
288 277 350 348 '246
678 301 862 356 Gonnusruu
880 317 917 356 111
935 314 1103 356 urrsrouan
1120 300 1172 355 401

165 462 249 521 1192
287 469 321 528 et
339 446 552 547 apostolicam
570 462 838 528 benedictionem.
876 462 1087 546 Significante
1105 446 1199 527 nobis
1223 445 1341 526 dilecte
1362 444 1431 525 iilic
1455 467 1582 526 nostro

141 554 203 622 1³¹1·
216 552 267 610 2⁰·
287 569 407 635 abbate
430 569 462 634 S.
488 568 655 635 Ghislenil
678 571 873 653 accepimus,
894 570 1007 652 quod⁸,
1032 590 1106 633 cum
1129 568 1287 654 B(eatrix)
1310 567 1426 631 mulier
1448 567 1583 633 nobilis

285 698 344 760 pro
368 697 476 758 causa,
501 697 585 758 quae
614 677 700 740 inter
732 697 787 742 eos
817 678 937 760 agitari
964 676 1154 757 dinoscitur,
1185 674 1386 757 edelegatis
1409 695 1469 757 per
1494 696 1583 758 apo-

287 781 435 847 stolicam
463 782 573 848 sedem
595 782 772 865 iudicibus,
801 784 953 848 videlicet
980 782 1086 848 bonae
1109 782 1285 847 memoriae
1308 781 1462 866 R(ogero)
1493 782 1583 846 olim

287 886 512 953 Cameracensi
545 890 696 973 episeopo
728 895 761 954 et
789 889 906 955 dilecto
931 889 997 954 filio
1029 893 1141 954 nostro
1165 887 1285 952 abbate
1308 886 1581 968 Walcellensib2‚

286 994 413 1059 vinculo
447 1000 548 1082 esset
564 996 906 1062 excommunicationis
940 997 1090 1077 astricta,
1123 1016 1180 1059 vos
1214 1016 1286 1059 eam
1319 993 1360 1057 de
1389 995 1583 1078 apostolica

287 1101 483 1167 auctoritate
515 1101 662 1166 mandati
693 1102 901 1186 postmodum
932 1101 1127 1168 absolvistis,
1173 1101 1223 1166 Ne
1255 1101 1355 1183 igitur
1387 1101 1437 1164 ius
1468 1101 1583 1184 ipsius

288 1207 417 1272 abbatis
440 1207 503 1272 hac
525 1209 695 1274 occasione
721 1209 830 1274 valeat
852 1209 1015 1292 deperire,
1045 1209 1232 1274 discretioni
1259 1213 1389 1271 vestrae
1412 1229 1472 1291 per
1496 1229 1583 1290 apo-

288 1315 403 1379 stolica
434 1315 556 1397 scripta
588 1315 794 1397 mandamus,
828 1317 982 1398 quatinus
1019 1315 1169 1399 partibus
1206 1315 1390 1380 convocatis
1428 1312 1582 1378 audiatis

287 1420 460 1485 hincinde
483 1422 651 1504 proposita
680 1426 713 1486 et
737 1421 824 1505 quod
846 1423 969 1487 iustum
992 1421 1100 1503 luerit,
1129 1421 1349 1505 appellatione
1377 1421 1582 1505 postposita,

287 1527 438 1592 iudicetis
469 1533 502 1592 et
529 1528 663 1598 ,faciatis
697 1529 783 1612 quod
815 1528 1024 1594 decreveritis
1057 1530 1233 1594 observari.
1281 1528 1376 1611 Quod
1404 1529 1432 1592 si
1461 1549 1582 1594 omnes

287 1633 351 1697 hiis
375 1635 572 1716 exequendis
595 1636 806 1718 nequiveritis
833 1636 1005 1717 interesse,
1037 1635 1100 1700 duo
1128 1641 1335 1699 vestrumea
1362 1635 1582 1700 nihilominus

288 1746 535 1824 prosequantur.
583 1741 706 1806 Datum
729 1741 853 1807 Romae
882 1741 968 1826 apud
998 1740 1032 1806 S:
1055 1740 1191 1806 Petrum
1213 1741 1302 1806 XIH
1326 1740 1487 1807 Calendas
1514 1741 1583 1806 Fe-

288 1847 423 1928 bruarii,
446 1847 655 1931 pontificatus
678 1848 782 1914 nostri
806 1870 891 1913 anno
914 1849 1029 1931 primo.

289 2115 376 2183 401.
404 2119 582 2179 Caelestinus
598 2119 649 2178 ΙΙΙ
667 2120 808 2195 episcopo,
832 2121 939 2178 decano
958 2126 984 2178 a
1001 2120 1115 2178 cantori
1132 2120 1311 2204 Maleasa'bas
1329 2120 1430 2179 scribit
1448 2121 1482 2178 de
1507 2139 1580 2178 cora-

401 2226 542 2284 troaarsa'a
564 2225 641 2285 ictor
662 2226 843 2286 abbatissam
863 2226 893 2285 S.
917 2225 1104 2285 Glodasa'adis
1127 2233 1152 2285 et
1174 2228 1306 2286 Aala'da'm
1330 2227 1451 2303 eiusque
1472 2226 1581 2302 liliam

401 2333 551 2407 satiatura.
588 2333 687 2405 Addit,
706 2333 815 2408 filiam,
840 2352 1023 2410 quamquam
1042 2334 1295 2392 excommunicata
1317 2339 1398 2405 assa,
1422 2333 1486 2391 niro
1510 2335 1580 2391 orai-

402 2440 472 2497 dam
494 2439 601 2497 nabere
617 2441 872 2522 praesumpsisse
905 2440 1038 2513 Mandat,
1062 2446 1096 2498 at
1119 2440 1324 2516 querimonias
1346 2439 1528 2513 investisset.

416 2557 488 2612 Bibl.
507 2563 565 2614 nat.
583 2557 671 2613 Paris.
691 2558 785 2613 Ohart.
805 2557 833 2614 S.
853 2557 1034 2613 Glodesindis
1052 2557 1187 2613 Metensis
1206 2576 1230 2613 a.
1250 2559 1320 2613 1292
1339 2558 1441 2629 script,

749 2664 800 2701 ms.
819 2647 867 2702 lat.
888 2647 983 2703 10024.
1002 2646 1049 2702 fol.
1069 2647 1112 2701 39.

168 2812 251 2870 1192
381 2787 563 2854 Celestinus
595 2790 765 2873 episcopus
797 2810 908 2854 servus
942 2810 1106 2854 servorum
1129 2789 1192 2853 Dei
1215 2787 1393 2854 venerabili
1421 2789 1578 2854 fratri..

49 2913 52 2920 ⁴
147 2896 515 2980 mailaepiscoposset
539 2894 665 2960 dilectis
689 2895 821 2960 filiis..
847 2895 969 2962 decano
1001 2902 1033 2961 et
1066 2896 1207 2961 cantori⁰
1234 2895 1456 2961 Metensibusd
1488 2896 1579 2962 salu-

291 3008 359 3067 tem
388 3009 421 3068 et
451 3002 664 3085 apostolicam
696 3003 965 3068 benedictionem.
1013 3002 1188 3085 Querelam
1215 3002 1354 3068 dilectae
1381 3003 1416 3066 in
1444 3001 1580 3068 Christo

291 3107 358 3173 filie
390 3115 500 3173 nostre
520 3158 557 3174 ..
590 3108 798 3174 abbatissae4
826 3118 938 3174 sancte
962 3109 1170 3176 Glodesindis
1192 3111 1349 3176 Metensis
1378 3111 1578 3193 accepimus,

292 3214 389 3298 quod,
414 3237 487 3280 curn
511 3217 757 3298 controversiae
783 3237 867 3299 quae
890 3218 976 3282 inter
998 3217 1104 3300 ipsam
1128 3222 1161 3281 et
1175 3216 1319 3282 Aelidim
1342 3216 1512 3281 mulierem
1537 3239 1579 3281 ao

292 3322 394 3387 filiam
417 3324 485 3387 eius
510 3327 543 3386 et
570 3322 774 3388 coadiutores
803 3322 931 3388 earumf
959 3344 1056 3406 super
1088 3323 1283 3405 quibusdam
1315 3322 1458 3406 decimis,
1491 3345 1577 3405 quas

293 3429 405 3494 eedem
428 3429 579 3494 mulieres
601 3430 636 3492 in
658 3429 737 3494 villa
755 3429 787 3494 S.
807 3429 929 3493 Auiani
950 3479 985 3494 ..
1011 3429 1199 3494 abbatissae
1223 3429 1415 3494 dicebantur
1433 3429 1576 3510 auferre,

293 3535 483 3617 aliquandiu
514 3535 622 3601 fuerat
653 3536 792 3619 agitata,
830 3536 1008 3600 venerabili
1040 3534 1134 3601 fratri
1166 3542 1278 3602 nostro
1305 3585 1313 3601 .
1339 3583 1346 3600 .
1380 3535 1577 3600 Treverensi

293 3641 559 3726 archiepiscop0⁵
583 3640 621 3706 de
641 3642 819 3725 apostolico
838 3641 953 3706 fuisset
971 3642 1126 3708 mandato
1150 3644 1332 3724 commissa,
1356 3642 1444 3706 idem
1466 3641 1576 3706 archi-

294 3749 463 3833 episcopus
477 3748 654 3813 venerabili
668 3746 763 3813 fratri
777 3754 888 3814 nostro
897 3747 1099 3814 Virdunensi
1115 3750 1285 3833 episcop0⁶
1304 3769 1362 3832 per
1376 3769 1436 3812 sua
1449 3748 1577 3830 scripta

293 3854 473 3937 mandavit,
497 3860 535 3920 ut
556 3855 709 3920 mulieres
731 3857 821 3940 ipsas
845 3861 878 3920 et
902 3855 1106 3922 coadiutores
1130 3877 1205 3921 suos
1230 3855 1377 3920 districte
1401 3853 1576 3937 compelle-

293 3967 345 4027 ret
368 3961 410 4026 ad
431 3961 597 4027 iusticiam
616 3961 793 4045 superbiis
814 4011 821 4026 .
843 4011 850 4026 .
876 3962 1064 4027 abbatissae
1083 3961 1308 4027 exhibendam.
1353 3959 1476 4025 Verum
1496 3961 1576 4042 quia

294 4069 406 4134 eedem
428 4069 580 4133 mulieres
604 4075 637 4133 et
660 4069 825 4134 adiutores
850 4070 901 4133 sui
923 4070 986 4133 iuri
1008 4089 1124 4152 parere
1142 4068 1354 4151 pertinaciter
1372 4073 1575 4149 contempse-

293 4180 383 4257 runt,
416 4175 503 4239 idem
534 4175 706 4258 episcopus
739 4181 852 4242 contra
883 4176 971 4259 ipsos
1004 4175 1345 4240 excommunicationis
1378 4174 1575 4238 sententiam

383 4360 395 4384 ⁵
413 4357 480 4418 quod
497 4357 591 4404 addim.
663 4353 726 4405 bde
744 4357 907 4406 Waloellensi
926 4375 946 4406 c.
1019 4356 1163 4406 e‹riroatori
1181 4374 1201 4406 c.
1277 4340 1346 4404 (Ἧι
1363 4373 1383 4406 a.
1443 4357 1572 4403 ‘cantro

295 4445 378 4494 versia
395 4463 415 4495 a.
488 4442 600 4494 ‘eorum
620 4464 640 4494 a.

385 4547 552 4602 lGosvvino.
626 4547 789 4604 ’Iohanne
845 4549 1046 4603 ⁸Bertramno.
1110 4547 1246 4602 ⁴Havidi
1265 4553 1315 4602 aut
1332 4545 1439 4601 Vodae.
1501 4545 1575 4600 ⁶Io

296 4634 390 4689 hanni.
463 4634 615 4690 ⁶Alberto.
