3284 5184
280 248 344 312 264
670 258 855 314 Connnsrrru
873 275 910 314 111
928 275 1095 317 nrrsronsn
1113 263 1164 315 421

165 422 259 481 1196·
279 425 430 503 alternat,
463 409 549 485 nunc
581 426 713 502 egentes
746 420 869 485 faciens
899 421 1077 504 abundare,
1109 445 1196 487 nunc
1225 423 1430 488 abundantes
1455 445 1562 506 egere,

278 538 315 596 ut
336 530 480 594 humana
504 527 645 592 conditio
668 548 727 610 per
751 528 1000 593 alternationem
1023 528 1208 594 huiusmodi
1231 529 1353 595 saeculi
1377 531 1428 594 sui
1455 536 1563 595 status

278 636 528 704 instabilitatem
551 640 708 716 agnoscat
730 639 763 698 et
781 635 876 698 alteri
896 634 958 698 sibi
978 636 1187 718 compatienti
1207 635 1400 700 subveniens
1425 637 1565 720 impleat

277 747 383 827 legem
406 741 541 822 Christi,
576 763 641 823 qua
663 742 812 806 iubemur
843 740 1007 823 proximos
1039 748 1168 807 nostros
1203 742 1336 824 diligere
1365 748 1397 807 et
1420 742 1563 808 alterum

278 851 413 916 alterius
437 868 536 914 onera
560 855 762 931 supportare.
809 848 895 912 Ecce
919 849 998 930 quia
1017 847 1136 914 famem
1154 870 1288 914 vocasse
1306 848 1436 914 videtur
1446 850 1563 916 Domi-

277 980 339 1023 nus
364 977 461 1039 super
478 953 602 1020 Urbem
626 961 659 1020 et
681 956 715 1019 in
734 976 773 1020 ea
792 953 972 1020 lomentum
990 956 1084 1038 panis
1104 956 1246 1036 graviter
1265 955 1457 1039 decrevisse,
1481 979 1564 1022 non-

277 1064 359 1128 nulli
381 1068 492 1127 tamen
515 1062 618 1145 ipsius
636 1061 747 1143 Urbis,
772 1083 836 1143 quo
860 1057 1028 1126 abundare
1051 1061 1133 1125 nulli
1156 1061 1291 1126 dubium
1314 1066 1374 1144 est,
1397 1062 1563 1128 malitiose

245 1150 249 1157 Ι
278 1192 371 1235 suam
394 1167 629 1234 abundantiam
653 1168 853 1232 occultantes
887 1188 1095 1251 nequaquam
1117 1168 1199 1232 illud
1217 1168 1427 1234 maledictum
1447 1169 1563 1234 adver-

277 1282 364 1341 tunt:
391 1274 607 1358 „Maledictus
621 1274 728 1357 homo,
749 1275 805 1357 qui
824 1273 1021 1338 frumentum
1040 1273 1232 1339 abscundit¹⁸
1250 1275 1284 1339 in
1303 1276 1444 1359 populo“
1454 1280 1475 1358 1,
1496 1299 1563 1341 non

278 1389 429 1448 curantes
452 1382 543 1446 illam
566 1380 824 1446 benedictionem
844 1381 1002 1463 accipere,
1030 1381 1069 1445 de
1089 1403 1155 1464 qua
1174 1381 1325 1446 continue
1345 1381 1562 1448 subinfertur:

279 1489 489 1573 „Benedictio
509 1493 618 1552 autem
638 1509 735 1571 super
750 1493 848 1571 caput
863 1487 1091 1552 vendentium“
1101 1492 1122 1569 1,
1146 1509 1206 1552 nec
1230 1488 1370 1571 denique
1389 1489 1561 1554 attenden-

277 1604 337 1680 tes,
362 1595 450 1680 quod
468 1595 646 1659 necessitas
665 1594 850 1660 huiusmodi
875 1594 1056 1658 abundanti
1078 1595 1196 1659 tribuit
1214 1617 1368 1678 magnam
1386 1587 1562 1661 materiam

278 1702 478 1768 diminuendi
495 1707 631 1785 peccata
649 1707 682 1766 et
701 1701 842 1765 divinam
861 1702 1000 1783 gratiam
1019 1701 1156 1765 ulterius
1173 1702 1389 1784 promerendi.
1413 1702 1562 1786 Urgente

276 1812 377 1893 igitur
399 1809 657 1873 necessariorum
680 1808 799 1891 inopia,
825 1807 993 1872 confluunt
1007 1806 1048 1870 ad
1063 1829 1121 1872 nos
1136 1808 1248 1891 populi
1266 1808 1452 1891 multitudo,
1477 1832 1560 1892 quos

278 1918 346 1981 sine
369 1915 521 1998 lacrymis
545 1914 658 1979 audire
681 1937 746 1980 non
766 1935 952 1997 possumus,
981 1914 1136 1978 ahmenta
1159 1914 1337 1998 deposcens
1362 1921 1394 1980 et
1416 1937 1477 1980 nec
1502 1916 1561 1980 ali-

277 2030 337 2105 ter,
362 2043 461 2105 quam
485 2022 512 2085 si
535 2020 661 2103 lapides
685 2027 871 2084 convertere
898 2020 1059 2103 possimus
1083 2020 1117 2084 in
1139 2042 1258 2104 panem
1282 2022 1396 2086 autin
1419 2021 1562 2088 farinam

277 2135 385 2194 terrae
408 2128 574 2211 pulverem
598 2132 806 2191 commutare.
853 2125 893 2190 In
924 2127 1111 2192 huiusmodi
1143 2148 1219 2210 ergo
1247 2130 1453 2193 necessitatis
1481 2133 1562 2195 arti-

278 2236 350 2302 culo
374 2235 417 2300 ad
440 2241 487 2315 te,
516 2232 577 2315 fili,
610 2232 759 2297 duximus
783 2232 978 2298 fiducialiter
1000 2234 1245 2316 recurrendum,
1278 2243 1561 2318 recognoscenteS,

278 2342 365 2426 quod
394 2340 497 2406 felicis
527 2339 763 2405 recordationis
786 2339 973 2405 Alexander
996 2344 1029 2402 et
1050 2338 1183 2422 Lucius,
1213 2339 1353 2405 Romani
1376 2342 1561 2425 pontifices,

277 2449 544 2534 praedecessores
568 2447 681 2528 nostri,
707 2446 749 2510 ad
772 2468 864 2529 reges
884 2445 1014 2511 Siciliae
1033 2446 1301 2529 praedecessores
1325 2454 1400 2514 tuos
1422 2449 1561 2532 incasu

278 2555 377 2622 simili
400 2553 544 2618 habuere
567 2573 732 2617 recursum
753 2559 785 2617 et
809 2574 864 2618 eos
886 2551 1050 2634 1111111111,
1074 2558 1172 2636 prout
1190 2554 1333 2637 regalem
1352 2555 1561 2638 magnificen-

277 2664 359 2728 tiam
382 2661 501 2741 decuit,
525 2661 730 2738 invenerunt3
757 2659 844 2741 quod
868 2659 908 2724 de
932 2665 990 2723 tua
1008 2658 1207 2724 liberalitate
1226 2682 1291 2726 non
1310 2661 1443 2744 indigne
1465 2685 1561 2746 prae-

279 2754 426 2848 sumitur,
452 2787 525 2830 cum
547 2787 612 2830 non
634 2765 775 2830 minores
793 2765 973 2831 habeamus
992 2765 1086 2830 11111
1105 2767 1254 2831 caritatis
1273 2766 1435 2851 affectum,
1460 2791 1560 2852 quam

278 2876 320 2941 ad
343 2876 431 2959 ipsos
454 2872 639 2936 habuerunt
666 2870 835 2954 pontifices
865 2872 1034 2953 antedicti,
1059 2893 1119 2936 nec
1141 2874 1309 2956 minorem,
1339 2895 1438 2956 quam
1461 2875 1561 2941 luerit

278 2980 453 3048 eorundem
472 3000 585 3061 regum
602 2975 644 3042 ad
666 2979 749 3060 illos,
769 2980 880 3043 tuamb
903 2979 945 3043 ad
963 3000 1022 3044 nos
1041 2979 1294 3045 benivolentiam
1313 2982 1562 3048 11111111111111.ο

276 3086 483 3173 Imperialem
507 3086 618 3168 itaque
636 3084 869 3149 liberalitatem
892 3086 989 3167 omni,
1014 3107 1079 3167 qua
1101 3107 1284 3168 possumus,
1309 3085 1480 3154 affectione
1505 3090 1560 3154 de-

276 3195 454 3280 poscimus,
489 3197 648 3274 quatenus
677 3192 855 3275 prudenter
883 3191 1054 3256 attendens
1081 3194 1222 3275 gratiam
1249 3195 1456 3277 promerendi
1480 3195 1560 3260 divi-

276 3324 353 3367 nam
375 3298 595 3384 populumque
618 3298 802 3364 Romanum
826 3297 868 3361 ad
891 3298 1097 3363 dilectionem
1118 3300 1227 3381 potius
1250 3301 1393 3382 gratiam
1418 3301 1482 3366 sibi
1505 3303 1559 3368 de·

277 3429 375 3492 super
396 3407 457 3471 tibi
481 3405 592 3469 datam
610 3403 758 3468 hilariter
782 3404 1006 3487 amplectendo
1024 3426 1100 3470 vero
1118 3405 1243 3489 Iosepl,
1273 3405 1336 3489 qui'
1353 3409 1426 3491 pari
1448 3431 1560 3474 neces-

277 3514 374 3578 sitate
397 3517 524 3597 patrem
546 3512 636 3595 pavit
660 3517 693 3576 et
715 3510 844 3592 fratres,
869 3511 932 3594 ipsi
950 3511 1080 3595 populo,
1101 3513 1158 3594 qui
1176 3518 1345 3596 tamquam
1367 3514 1408 3579 ad
1431 3522 1561 3599 patrem

277 3621 426 3686 exuriens
451 3618 493 3682 ad
515 3641 574 3683 nos
598 3619 727 3700 clamat,
753 3616 872 3682 debeas
895 3617 1058 3700 largitatis
1082 3624 1159 3684 tuae
1183 3619 1331 3684 dextram
1356 3623 1499 3705 aperire,
1524 3629 1559 3687 ut

275 3725 461 3792 huiusmodi
493 3725 622 3790 articuli
652 3725 820 3807 angustias
849 3746 908 3806 per
932 3725 1089 3789 auxilium
1116 3731 1209 3790 tuum
1233 3726 1369 3792 evadere
1392 3729 1558 3793 valeamus

277 3840 310 3898 et
328 3834 494 3916 generatio
517 3832 599 3896 haec
623 3853 721 3914 opera
750 3836 808 3894 tua
834 3831 947 3895 laudet
975 3836 1008 3895 et
1035 3831 1121 3895 hanc
1147 3838 1224 3897 tuae
1247 3835 1439 3900 memoriam
1461 3835 1558 3918 largi·

276 3941 366 4022 tatis,
390 3960 503 4023 preces
526 3944 656 4004 nostras
680 3939 727 4002 ita
749 3937 899 4002 hilariter
924 3943 957 4001 et
979 3936 1156 4003 efficaciter
1178 3938 1379 4023 auditurusd,
1405 3942 1494 4024 quod
1517 3942 1557 4007 ab

277 4047 420 4112 omnium
442 4045 597 4128 largitore
621 4044 779 4109 bonorum
802 4050 894 4108 tuam
918 4065 1093 4126 agnoscere
1117 4044 1352 4111 abundantiam
1372 4049 1557 4132 comprobe-

276 4155 336 4236 ris,
368 4174 409 4218 ne
440 4151 562 4216 frustra
588 4151 729 4215 videaris
761 4155 972 4234 praeceptum
1001 4150 1196 4216 dominicum
1223 4151 1391 4234 habuisse,
1425 4177 1503 4220 nam
1531 4157 1556 4219 si

275 4317 361 4366 mittet
378 4317 534 4366 frumentum
552 4316 580 4363 in
589 4313 685 4364 Urbem
703 4317 815 4377 tempore
826 4312 908 4364 famis.
938 4316 968 4362 In
985 4318 1089 4376 1111111111
1107 4319 1217 4379 apposita
1234 4320 1304 4366 verba
1322 4327 1376 4366 11111
1393 4318 1470 4368 Anno
1481 4321 1555 4370 1196.

276 4407 317 4455 Ex
334 4421 381 4457 ms.
401 4405 553 4455 Golbertino.

365 4498 377 4522 ⁸
394 4499 429 4544 ric
447 4514 467 4544 c.
531 4490 544 4522 b
562 4496 718 4556 quamtuam
737 4510 757 4541 c.
820 4495 831 4520 0
849 4491 1001 4541 extimemus
1019 4509 1038 4542 c.
1103 4488 1116 4520 ‘¹
1134 4503 1207 4543 tecm
1224 4497 1268 4544 hoc
1286 4497 1338 4546 loco
1359 4497 1501 4558 1111111111
1518 4507 1555 4546 est.

368 4595 440 4651 ι(11.
459 4596 588 4652 Proverb.
609 4597 651 4663 11,
670 4596 712 4651 26.
754 4613 758 4619 ’
