3336 5184
280 275 341 337 106
693 292 829 348 Euenum
846 307 884 347 111
901 306 1069 348 urrsrouau
1088 293 1139 349 202

163 455 257 515 1147.
276 456 410 534 tempto,
435 472 495 516 sua
508 451 665 517 violencia
683 454 769 536 cepit
793 459 834 536 et,
854 459 891 517 ut
910 474 944 518 se
962 453 1070 537 ipsum
1088 454 1237 535 redimat,
1264 455 1408 538 corporis
1428 455 1559 519 distric-

276 558 364 622 tione
388 558 562 641 compellit.
601 556 684 640 Quia
707 561 807 642 igitur
830 565 942 625 nostra
965 561 1106 626 intencio
1130 566 1189 642 est,
1220 561 1430 626 ecclesiarum
1454 562 1560 643 quieti

277 685 316 728 ac
339 663 519 730 defensioni
542 666 663 728 intuitu
682 667 828 730 caritatis
848 667 1025 748 intendere,
1046 665 1244 732 fraternitati
1267 672 1323 732 tue
1346 688 1406 751 per
1427 674 1558 751 aposto-

276 771 340 836 lica
364 772 485 855 scripta
507 771 708 854 mandamus,
733 773 897 854 quatinus,
923 774 949 838 si
974 795 1085 839 eorum
1108 774 1311 857 querimonia
1333 774 1472 839 veritate
1495 774 1558 839 ful-

278 878 371 960 citur,
395 876 560 961 praefatos
579 877 699 942 milites
722 879 835 962 templi
855 879 896 944 ab
915 880 973 945 illa
991 881 1202 964 usurpatione
1222 880 1379 945 desistere
1403 879 1559 947 destricte

278 1005 482 1050 commoneas
502 990 559 1048 aut
577 985 662 1049 inter
681 1005 735 1050 eos
754 985 802 1048 ita
821 1004 1012 1069 componere
1032 986 1174 1068 studeas,
1194 1008 1236 1050 ne
1255 987 1297 1050 ad
1312 1007 1408 1052 aures
1426 994 1558 1053 nostras

278 1091 317 1156 de
341 1097 449 1156 cetero
473 1111 570 1174 super
592 1090 654 1156 hoc
677 1091 810 1173 querela
833 1093 1010 1175 perveniat.
1058 1091 1093 1158 Si
1120 1099 1230 1157 autem
1253 1099 1405 1158 neutrum
1432 1093 1559 1159 valebis

278 1197 416 1278 efficere,
440 1197 527 1281 ipsos
551 1198 593 1262 ad
616 1203 761 1262 nostram
785 1199 983 1281 presentiam
1007 1220 1079 1264 cum
1098 1200 1163 1263 tuis
1187 1200 1315 1280 litteris,
1341 1201 1471 1282 cognita
1489 1201 1558 1284 ple-

277 1305 351 1368 nius
373 1305 520 1386 veritate‚
545 1306 759 1369 transmittas
806 1305 1014 1371 Praedictum
1037 1327 1113 1370 vero
1137 1304 1347 1386 Willelmum,
1373 1307 1428 1389 qui
1452 1305 1558 1372 famu-

277 1413 344 1476 lum
377 1412 410 1474 in
442 1411 591 1493 captione
617 1416 728 1476 tenere
760 1412 940 1495 praesumit
962 1418 995 1477 et
1018 1413 1156 1495 illorum,
1185 1414 1219 1476 in
1244 1435 1381 1495 quorum
1404 1419 1493 1478 terra
1521 1421 1560 1479 ut

279 1539 312 1583 se
335 1517 475 1582 redimat
497 1517 669 1598 detinent,b
692 1518 755 1582 nisi
774 1524 831 1584 tua
850 1518 1103 1584 commonicione
1123 1518 1315 1600 dimiserint,
1336 1520 1560 1586 ecclesiastica

182 1687 185 1693 .
279 1646 333 1689 eos
358 1645 495 1689 censura
518 1645 678 1689 coerceas.

279 1875 368 1942 202.
388 1877 541 1953 maculas
563 1877 616 1936 III
641 1879 787 1938 iudicium
817 1880 894 1938 irater
924 1879 1106 1938 wilelmum
1139 1879 1266 1938 abbatem
1300 1879 1503 1938 Antecesserat
1533 1887 1560 1938 ct

389 1984 496 2060 fratres
516 1984 545 2043 S.
568 1985 719 2060 Sepulchri
741 2005 828 2062 super
850 1986 965 2045 ccccmo
991 1986 1020 2045 S.
1042 1985 1204 2045 Solomonis
1226 1986 1259 2044 dc
1282 1985 1365 2044 Rabo
1389 1985 1483 2045 lutum
1506 2005 1559 2062 op-

355 2176 358 2183 '
384 2091 497 2166 What·
530 2174 601 2230 Bibl.
621 2181 678 2231 nat.
698 2176 784 2230 Paris.
805 2193 855 2230 ms.
875 2175 923 2232 lat.
944 2175 1030 2232 13816
1050 2194 1071 2230 s.
1090 2190 1160 2231 xvn
1179 2175 1226 2230 fol.
1247 2175 1302 2230 78¹2.

142 2344 227 2402 1148
332 2317 333 2320 ¹
366 2333 532 2417 Eugenius
565 2337 734 2419 episcopus
768 2357 878 2400 servus
911 2357 1076 2402 servorum
1102 2335 1164 2400 Dei
1202 2335 1329 2400 dilectis
1360 2333 1436 2400 filiis
1466 2335 1559 2401 Guil-

121 2432 373 2508 AP1·12·lelmo
402 2439 514 2525 abbati
543 2441 574 2506 S.
600 2441 778 2507 Salvatoris
804 2442 997 2506 Anianensis
1025 2443 1213 2508 monasterii
1242 2443 1375 2524 eiusque
1399 2440 1558 2508 fratribus

280 2548 417 2612 salutem
436 2552 469 2610 et
487 2548 698 2630 apostolicam
717 2548 984 2613 benedictionem.
1024 2545 1184 2629 Quoniam
1204 2549 1246 2612 ad
1265 2554 1411 2613 nostrum
1431 2554 1559 2632 spectat

279 2652 420 2720 officium
450 2675 509 2736 pro
543 2655 701 2719 universis
730 2655 873 2719 ecclesiis
907 2654 1159 2720 sollicitudinem
1189 2675 1315 2737 gerere,
1347 2659 1475 2737 oportet
1497 2678 1558 2721 nos

279 2781 391 2825 earum
414 2760 488 2844 paci
511 2768 544 2824 et
566 2762 798 2843 tranquillitati
821 2762 925 2826 modis
949 2761 1067 2844 quibus
1086 2783 1257 2846 possumus
1274 2759 1453 2843 providere.
1492 2761 1557 2825 Ea-

279 2875 420 2952 propter,
446 2868 574 2933 dilecti⁰
597 2869 630 2932 in
645 2867 784 2934 Domino
807 2866 876 2950 filii,
902 2869 1149 2950 controversiae,
1169 2889 1253 2950 quae
1273 2869 1358 2931 inter
1376 2889 1433 2931 vos
1453 2874 1485 2932 et
1504 2889 1557 2931 ca-

278 2976 410 3041 nonicos
441 2973 473 3040 S.
498 2973 668 3058 Sepulchri
702 2995 798 3057 super
831 2975 967 3039 ecclesia
1000 2973 1031 3039 S.
1064 2973 1241 3040 Salvatoris
1270 2973 1309 3037 de
1333 2973 1429 3039 Rubo
1461 2974 1558 3056 longo

279 3081 341 3147 fuit
363 3088 508 3166 tempore
532 3083 670 3164 agitata,
700 3078 797 3144 finem
824 3081 990 3164 imponere
1014 3081 1195 3164 cupientes,
1225 3101 1357 3144 causam
1380 3079 1485 3162 ipsam
1509 3079 1557 3144 di-

278 3190 370 3253 lectis
393 3188 469 3253 filiis
492 3189 611 3253 nostris
634 3186 718 3252 Iulio
746 3186 955 3269 presbytero1
983 3193 1016 3252 et
1042 3187 1168 3252 Iacinto
1196 3186 1353 3251 diacono²
1384 3185 1556 3250 cardinali·

278 3296 339 3361 bus
364 3295 558 3360 audiendam
576 3292 879 3374 terminandamque
899 3294 1143 3358 commissimus.
1183 3292 1247 3375 Qui
1269 3293 1413 3357 rationes
1437 3293 1557 3356 utrius·

280 3424 341 3485 que
374 3402 477 3485 partis
509 3400 693 3484 diligentius
726 3421 765 3463 ex
798 3400 933 3482 scripto,
968 3399 1054 3482 quod
1085 3399 1279 3464 venerabilis
1313 3397 1414 3462 frater
1446 3403 1558 3463 noster

279 3507 503 3593 Rfaimundus)
526 3506 727 3571 Arelatensis
751 3505 1011 3590 archiepiscopus
1034 3505 1128 3572 nobis
1148 3504 1320 3585 direxerat,
1345 3504 1401 3584 qui
1421 3503 1558 3568 eandem

176 3674 181 3683 .
280 3635 412 3678 causam
426 3636 465 3678 ex
477 3612 631 3678 mandato
645 3618 756 3678 nostro
774 3613 982 3694 discusserat,
1003 3618 1230 3695 cognoverunt,
1255 3610 1341 3694 quod
1365 3614 1432 3674 tres
1456 3615 1557 3674 testes

279 3720 519 3802 inpraesentia
543 3719 686 3782 eiusdem
710 3719 944 3802 archiepiscopi
968 3719 1097 3783 avobis
1116 3715 1275 3800 producti,
1300 3716 1436 3781 adversa
1462 3721 1557 3800 parte

279 3833 449 3909 praesente
472 3847 532 3890 nec
549 3831 699 3907 negante,
731 3824 937 3890 iureiurando
957 3829 1189 3904 monstrarunt,
1214 3822 1368 3888 abbatem
1391 3822 1556 3887 Anianen-

279 3954 347 3997 sem
371 3932 409 3998 de
433 3931 600 4017 praefatae
634 3930 788 3995 ecclesiae
821 3931 1023 4015 possessione
1056 3931 1212 3996 violenter
1244 3930 1414 4013 expulsum
1445 3928 1555 3993 fuisse.

280 4041 345 4105 Alii
378 4061 506 4122 quoque
540 4039 602 4104 duo
635 4039 669 4101 in
700 4039 885 4120 praesentia
918 4037 1062 4102 eiusdem
1094 4037 1328 4120 archiepiscopi
1355 4037 1555 4116 iuraverunt,

280 4147 511 4212 monasterium
534 4145 719 4210 Anianense
742 4165 801 4227 per
824 4144 1042 4226 quadraginta
1065 4164 1167 4208 annos
1195 4149 1228 4207 et
1251 4163 1288 4207 eo
1317 4140 1456 4225 amplius
1480 4147 1557 4204 ante

279 4254 499 4338 expulsionem
521 4253 711 4317 inconcusse
734 4248 915 4333 praefatam
939 4249 1108 4314 ecclesiam
1127 4248 1319 4332 possedisse.
1364 4247 1425 4312 His
1444 4247 1557 4329 itaque

367 4438 379 4462 ⁸
396 4437 466 4482 vada
483 4434 587 4482 illorum
606 4450 676 4495 usque
694 4434 729 4482 ad
746 4432 859 4481 detinent
882 4433 977 4480 librarii
998 4433 1067 4492 culpa
1086 4439 1196 4492 smmpto
1214 4438 1272 4478 aum.
1360 4422 1372 4456 b
1391 4427 1477 4477 dilecti
1496 4430 1559 4478 deest

278 4526 303 4571 in
321 4525 372 4572 cod.

369 4626 379 4654 ¹
398 4623 602 4680 cardinalitia
623 4623 650 4678 S.
670 4621 803 4678 Marcelli.
879 4623 889 4652 ²
908 4621 935 4677 S.
955 4621 1060 4676 Mariae
1078 4621 1107 4675 in
1127 4619 1276 4676 Oosmidin.
