3284 5184
286 280 351 341 228
699 295 826 349 Ursam
843 309 881 348 111
899 307 1066 350 nmssouss
1084 296 1136 350 376

110 451 266 511 1185-86
285 460 413 520 vestrae
431 477 490 538 per
508 455 687 539 apostolica
702 455 824 538 scripta
846 455 1054 538 precipiendo
1077 454 1280 537 mandamus,
1309 460 1470 537 quatenus
1494 477 1578 540 pre-

119 542 188 601 Dess·
202 541 251 601 15·
285 563 443 646 scriptum
464 563 620 645 populum
648 582 779 627 monere
807 562 965 626 attentius
994 583 1032 626 ac
1055 563 1208 627 inducere
1231 564 1426 645 procuretis,
1450 568 1489 627 ut
1513 563 1578 634 de-

285 670 386 733 cimas
410 675 443 734 et
466 669 532 734 alia
555 670 626 733 iura
648 669 751 752 priori
774 674 808 732 66
830 667 987 733 fratribus
1013 669 1094 751 illis,
1128 670 1213 733 sicut
1241 667 1280 733 de
1308 669 1378 733 iure
1402 675 1577 752 tenentur,

285 777 453 841 exsolvant
485 781 518 840 et
550 776 694 840 ecclesiis
727 780 760 840 et
787 775 1010 840 sacerdotibus
1040 776 1107 840 suis
1142 775 1359 839 reverentiam
1391 773 1580 839 exhibeant

285 889 318 947 et
339 883 495 949 honorem
528 888 561 947 et
592 881 634 946 ab
668 903 779 947 eorum
806 882 1033 947 molestatione
1061 881 1230 946 desistant.
1277 881 1437 946 Ministris
1465 883 1579 946 etiam

285 989 496 1054 ecclesiarum
527 995 561 1054 et
592 989 864 1055 monasteriorum
897 989 1178 1053 circumstantium
1208 989 1388 1053 districtius
1418 988 1579 1053 inhibere

285 1097 415 1176 curetis,
448 1117 489 1160 ne
522 1095 639 1160 falcem
672 1095 711 1159 de
744 1103 851 1161 cetero
883 1096 917 1159 in
950 1096 1090 1160 alienam
1117 1116 1256 1160 messem
1284 1095 1481 1160 immittantb
1510 1101 1580 1160 aut

284 1202 494 1287 praescriptis
508 1202 609 1285 priori
623 1207 656 1266 ct
673 1201 830 1266 iratribus
848 1202 1001 1266 iniuriam
1019 1201 1161 1266 inferant
1178 1202 1229 1266 vel
1246 1223 1431 1284 gravamen.
1470 1199 1578 1283 Quod

285 1311 313 1373 si
335 1309 446 1375 vobisb
475 1330 541 1373 non
564 1308 799 1390 acquieverint,
832 1313 901 1372 tam
930 1308 1086 1391 populum
1112 1309 1205 1372 illum
1233 1330 1332 1390 quam
1354 1308 1576 1391 presbiterOS,

285 1417 341 1499 qni
364 1437 438 1481 eum
461 1416 495 1479 in
518 1413 723 1498 dispendium
749 1415 829 1479 iuris
847 1415 978 1480 illorum
996 1415 1140 1498 recipere
1160 1415 1202 1478 ad
1221 1413 1331 1478 divina
1352 1423 1578 1498 praesumunt

285 1529 318 1588 ct
340 1526 545 1588 sacramenta
568 1521 790 1586 ecclesiastica
812 1522 982 1603 impertiri,
1007 1523 1202 1587 auctoritate
1225 1528 1337 1586 nostra
1362 1523 1430 1586 sine
1455 1522 1576 1604 appel-

284 1629 415 1694 lationis
439 1627 607 1693 obstaculo
631 1648 769 1692 censura
795 1628 952 1692 canonica
978 1628 1193 1711 percellatis·
1221 1626 1316 1709 Quod
1340 1628 1367 1691 si
1391 1627 1487 1693 ambo
1515 1628 1575 1692 his

284 1734 481 1817 exequendis
500 1734 709 1817 nequiveritis
727 1734 896 1814 interesse,
923 1733 1007 1798 alter
1025 1739 1168 1798 vestrum
1187 1755 1226 1798 ea
1244 1733 1472 1799 nichilominus
1493 1755 1574 1799 exe-

284 1848 413 1925 quatur.
459 1840 582 1905 Datum
605 1839 754 1904 Veronae
777 1838 896 1903 XVIII
918 1839 1084 1904 Kalendas
1107 1839 1263 1905 Ianuarii.

284 2094 368 2162 376.
398 2095 534 2155 maanus
556 2094 779 2154 Munienses
801 2094 900 2169 fideles
922 2095 1173 2170 confraternitatis
1194 2095 1396 2171 Sacriportus
1418 2094 1571 2170 16666666,

394 2208 427 2260 ut
454 2202 639 2274 6166661666,
668 2220 743 2278 quus
768 2199 1021 2276 percontatione
1042 2202 1219 2261 monosterii
1249 2202 1289 2260 nd
1319 2201 1572 2278 quinquennium

394 2308 555 2368 annuatim
577 2326 608 2366 se
629 2308 779 2366 solutiores
801 2326 862 2366 esse
879 2308 1084 2382 promiserint,
1107 2307 1252 2384 fratribus
1269 2309 1448 2383 persolvant.

390 2427 461 2481 Bibl.
480 2432 538 2481 nat.
557 2426 644 2481 Paris.
664 2426 758 2481 Chart.
774 2425 855 2494 ,Sacri
867 2426 968 2483 Portus
987 2444 1009 2481 s.
1022 2440 1101 2482 xvn.
1120 2427 1331 2482 6161665466.
1350 2425 1396 2483 fol.
1411 2427 1453 2485 12.

172 2582 256 2641 1186
372 2569 526 2635 Urbanus
550 2569 720 2651 episcopus
744 2589 855 2632 servus
880 2589 1045 2634 servorum
1068 2567 1131 2632 Dei
1155 2567 1282 2633 dilectis
1305 2568 1380 2633 filiis
1403 2571 1569 2636 universis

166 2675 224 2733 Iul·
237 2675 265 2733 1·
284 2677 348 2741 Dei
377 2675 528 2741 fidelibus
562 2673 837 2742 confraternitatis
871 2674 962 2740 Sacri
984 2673 1119 2757 Portus,
1152 2674 1195 2739 ad
1223 2697 1303 2758 quos
1326 2676 1456 2741 litterae
1479 2677 1570 2742 istae

282 2783 498 2867 pervenerint,
523 2781 662 2845 salutem
685 2786 718 2844 66
741 2781 953 2864 apostolicam
971 2781 1240 2846 benedictionem.
1286 2781 1339 2848 Ad
1362 2782 1571 2848 audientiam

283 2895 429 2955 nostram
452 2888 605 2952 noveritis
629 2888 828 2970 pervenisse,
854 2888 940 2969 quod
963 2898 1045 2970 vos0,
1071 2887 1178 2953 divino
1202 2909 1311 2953 amore
1335 2890 1496 2970 succensi,
1532 2892 1569 2955 in

282 3000 464 3059 vestrarum
477 2993 620 3058 remedio
638 2993 820 3057 animarum
836 2993 878 3058 ad
893 2995 1174 3059 commonitionem
1197 2993 1361 3059 karissimi
1379 2996 1414 3059 in
1433 2993 1570 3064 Christo

282 3101 341 3165 filii
363 3103 467 3166 nostri
489 3100 633 3184 Philippi
656 3100 793 3164 illustris
816 3099 1018 3166 Francorum
1041 3102 1126 3183 regis
1145 3124 1203 3184 pro
1227 3102 1427 3167 revelatione
1450 3124 1568 3168 mona-

283 3209 373 3272 sterii
397 3207 488 3273 Sacri
511 3207 630 3272 Portus
655 3213 760 3271 certas
784 3206 976 3272 elemosinas
1000 3206 1156 3271 fratribus
1180 3207 1325 3272 eiusdem
1352 3208 1416 3273 loci
1441 3208 1567 3274 libera-

281 3315 357 3378 liter
379 3314 593 3398 promiseritis
617 3333 719 3396 usque
748 3313 789 3377 ad
816 3314 1073 3396 quinquennium
1101 3315 1195 3378 anuis
1218 3314 1352 3396 singulis
1376 3315 1566 3397 persolven-

283 3421 351 3486 das
397 3420 492 3486 Unde
514 3441 588 3501 nos,
611 3421 702 3484 vobis
730 3420 764 3483 in
791 3419 885 3484 bonis
909 3420 1060 3504 operibus
1085 3420 1339 3503 congaudentes,
1367 3423 1565 3488 universita-

283 3534 348 3592 tem
371 3533 514 3591 vestram
537 3548 714 3608 monemus,
742 3527 898 3591 attentius
922 3548 1073 3609 rogamus
1097 3520 1252 3609 vobisque
1279 3528 1312 3590 in
1335 3529 1565 3596 remissionem
1632 3537 1633 3603 l

282 3639 489 3718 peccatorum
512 3634 723 3716 injungimuS,
757 3634 910 3715 quatinus
938 3635 1130 3698 elemosinas
1159 3635 1248 3717 ipsas
1277 3634 1472 3717 supradictis
1497 3635 1566 3702 fra-

282 3741 387 3806 tribus
410 3741 502 3804 iuxta
524 3741 720 3822 promissum
742 3746 885 3803 vestrum
908 3739 1073 3804 hilariterd
1097 3741 1166 3804 sine
1195 3740 1407 3805 diminutione
1438 3742 1490 3807 vel
1511 3765 1566 3807 re-

283 3848 426 3913 tentione
450 3846 596 3929 qualibet
619 3845 793 3911 conferatis
818 3853 850 3911 66
873 3847 930 3929 166,
955 3845 1041 3929 quod
1065 3869 1084 3910 a
1107 3846 1198 3912 vobis
1218 3855 1268 3911 est
1285 3847 1495 3912 laudabiliter
1512 3850 1566 3912 in·

283 3954 445 4034 choatum,
470 3952 648 4036 adimplere
672 3953 802 4034 curetis,
827 3953 912 4035 quod
937 3959 970 4018 et
992 3953 1130 4018 fratrum
1148 3954 1336 4018 necessitati
1354 3960 1463 4018 vestra
1486 3955 1565 4019 sub-

283 4062 432 4126 ventione
463 4059 589 4123 utiliter
622 4060 810 4124 consulatur
842 4066 875 4124 et
904 4061 1050 4142 praemia
1082 4059 1305 4125 retributionis
1335 4067 1489 4125 aeternae
1519 4062 1565 4127 ab
1630 4135 1631 4138 Ἴ

283 4167 497 4251 omnipotenti
529 4164 668 4231 Domino
701 4166 837 4230 valeatis
870 4168 1014 4231 securius
1048 4173 1211 4249 exoptare.
1258 4167 1382 4232 Datum
1411 4166 1565 4234 Veronae

281 4273 356 4338 Kal.
380 4273 483 4338 Iulii.1

371 4437 553 4485 'immittatur
570 4455 590 4487 c.
663 4433 767 4485 bnobis
785 4454 806 4486 c.
878 4439 951 4486 ο666
970 4455 990 4486 e.
1063 4432 1202 4486 “illariter
1220 4455 1239 4487 c.

373 4541 383 4570 ²
400 4539 502 4594 Exstat
519 4538 695 4610 privilegium
713 4538 803 4595 eidem
822 4539 991 4595 monasterio
1009 4540 1107 4594 datum
1131 4539 1157 4595 d.
1177 4539 1220 4594 28.
1239 4539 1303 4595 Iun.
1323 4539 1392 4596 1186
1415 4540 1445 4595 in
1470 4547 1564 4597 cartu·

283 4627 354 4682 lario
372 4645 458 4698 supra
476 4628 561 4683 citato
579 4627 627 4682 fol.
648 4632 671 4682 1.
