3284 5184
301 310 365 372 230
713 325 893 379 [1111111111
911 336 1078 378 nrrsuonsu
1097 325 1149 378 379

173 485 258 544 1186
298 485 363 548 lica
385 485 580 549 auctoritate
611 485 815 565 mandamus,
846 484 999 566 quatinus
1031 483 1255 565 unusquisque
1279 488 1423 546 vestrum
1451 504 1602 548 suorum

143 575 216 634 N0V·
230 573 280 633 27·
299 595 513 674 proventuum
537 591 678 655 decimas
702 591 858 672 ecclesiis,
883 590 925 654 ad
948 611 1030 672 quas
1049 590 1224 672 pertinent,
1249 595 1282 654 et
1306 610 1417 653 earum
1435 590 1599 673 prelatiS,

301 697 384 763 sicut
403 701 541 778 tenetur,
561 697 699 762 exolvat.
737 697 893 779 Alioquin
911 697 1117 778 sententiam,
1141 718 1239 778 quam
1263 695 1458 761 venerabilis
1481 696 1600 760 frater

300 809 437 869 noster.
459 853 466 868 .
491 802 689 868 Albanensis
713 805 918 887 episcopus1,
951 808 1030 866 tunc
1052 802 1231 886 apostolice
1260 801 1346 866 sedis
1381 803 1519 885 legatus,
1560 805 1600 866 in

300 909 430 974 illicitos
462 909 648 976 detentores
681 915 815 994 propter
845 909 907 974 hoc
936 909 1089 974 canonice
1120 908 1353 991 promulgavit,
1386 931 1445 974 nos
1476 915 1599 975 ratam

302 1037 372 1080 esse
396 1017 600 1081 decernimus
624 1022 657 1081 et
679 1016 876 1100 precipimus
900 1016 1076 1081 observari.
1123 1014 1247 1080 Datum
1265 1013 1394 1080 Verona
1414 1015 1444 1080 V
1462 1015 1598 1081 Kalen-

301 1123 360 1187 das
383 1123 584 1188 Decembris.

300 1337 385 1405 379.
415 1340 550 1400 Urbanas
572 1341 624 1400 ΠΙ
641 1340 790 1400 antoecis
806 1339 951 1415 praelatis
968 1358 1024 1414 per
1040 1339 1231 1415 prmaeium
1253 1342 1453 1399 Areloleasem
1476 1342 1596 1399 certeti-

412 1447 484 1506 iule's
509 1448 668 1524 praecepit,
701 1454 734 1507 ai
757 1448 843 1507 Petro
874 1447 1089 1521 archiepiscopo
1121 1447 1263 1506 obediant.
1309 1447 1456 1506 Homines
1483 1447 1519 1506 eb
1557 1466 1619 1505 ee·

412 1555 689 1627 eacommuae'eolos,
712 1561 872 1630 antequam
895 1553 1110 1613 absolutionem
1133 1554 1230 1628 adepti
1251 1554 1323 1627 aar,
1342 1554 1460 1629 sepeliit
1483 1561 1572 1614 vetat.

487 1672 560 1727 Bibl.
579 1678 637 1728 nat.
655 1673 743 1727 Paris.
763 1673 834 1728 Ooll.
852 1672 957 1727 Baluze
974 1671 1018 1726 88.
1037 1672 1084 1727 fol.
1105 1673 1147 1727 50.
1167 1689 1253 1726 manu
1272 1689 1293 1726 s.
1314 1685 1393 1727 xvn.

175 1847 259 1906 1186
389 1831 543 1898 Urbanus
567 1835 737 1917 episcopus
762 1854 872 1897 servus
892 1853 1057 1897 servorum
1075 1832 1139 1896 Dei
1161 1832 1403 1897 venerabilibus
1426 1831 1591 1897 fratribus

144 1936 281 1996 Nou-27·
302 1940 461 2023 episcopis
485 1943 518 2002 et
541 1938 667 2004 dilectis
700 1939 776 2003 filiis
809 1938 998 2021 abbatibus,
1032 1939 1194 2022 prioribus
1219 1945 1252 2003 11
1275 1939 1347 2003 aliis
1371 1940 1589 2004 ecclesiarum

301 2048 457 2131 praelatis
480 2069 539 2130 per
556 2047 783 2111 Arelatensem
806 2047 1006 2128 provinciam
1025 2047 1211 2110 constitutis
1231 2046 1370 2110 salutem
1396 2052 1429 2110 et
1452 2052 1588 2129 aposto-

300 2155 397 2219 licam
420 2154 688 2220 benedictionem.
735 2141 867 2234 Quanta
891 2153 933 2216 sit
956 2152 1161 2217 obedientiae
1184 2153 1287 2216 virtus
1314 2158 1346 2217 et
1369 2173 1454 2234 quae
1477 2173 1588 2235 poena

300 2260 563 2326 inobedientibus
586 2259 754 2341 debeatur,
778 2280 887 2324 rerum
911 2260 1112 2341 experientia
1134 2259 1295 2323 neminem
1325 2258 1471 2323 fidelium
1501 2259 1587 2342 pati-

302 2374 356 2431 tur
376 2367 536 2449 ignorare.
582 2365 633 2429 Ea
660 2365 820 2447 siquidem
853 2371 915 2447 est,
951 2366 1020 2429 sine
1048 2386 1113 2447 qua
1142 2365 1343 2448 impossibile
1368 2371 1417 2430 est
1441 2365 1587 2448 aliquem

302 2475 431 2558 placere
454 2472 524 2537 Deo
548 2477 688 2554 atquae
712 2473 827 2536 divinis
852 2471 1019 2536 sacrificiis
1044 2470 1234 2536 antefertur.
1282 2469 1388 2554 Quam
1410 2472 1491 2536 licet
1514 2472 1586 2535 uni-

302 2582 388 2645 versi
401 2578 522 2644 Christi
540 2577 652 2642 fideles
676 2580 753 2644 totis
774 2579 914 2643 debeant
932 2579 1054 2643 viribus
1075 2578 1261 2661 observare,
1285 2601 1342 2644 vos
1361 2585 1472 2643 tamen
1493 2584 1586 2642 tanto

302 2677 494 2770 propensius
519 2706 590 2748 eam
612 2685 768 2749 tenemini
796 2686 863 2750 vita
894 2687 1018 2769 pariter
1045 2692 1078 2750 et
1107 2685 1253 2768 exemplo
1277 2685 1435 2769 preferre,
1461 2691 1586 2767 quanto

302 2793 388 2856 inter
411 2797 535 2856 ceteros
558 2791 664 2856 locum
687 2792 808 2857 habere
835 2793 1007 2857 noscimini
1035 2793 1223 2875 digniorem.
1271 2791 1356 2857 Sane
1380 2791 1422 2856 ad
1450 2792 1584 2856 audien-

301 2899 384 2963 tiam
407 2898 609 2982 apostolatus
633 2900 735 2964 nostri
759 2900 914 2982 pervenit,
939 2899 1026 2981 quod
1045 2900 1178 2982 quidam
1196 2906 1340 2963 vestrum
1359 2898 1439 2963 haec
1462 2920 1585 2981 nequa-

303 3027 411 3087 quam,
436 3005 521 3069 siout
544 3006 702 3085 convenit,
727 3005 934 3070 attendentes
957 3006 1135 3071 venerabili
1158 3006 1252 3071 fratri
1270 3012 1382 3071 nostro
1397 3005 1585 3070 Arelatensi

303 3112 575 3194 archiepiscop02,
604 3113 854 3195 metropolitano
878 3117 998 3192 vestre,
1023 3114 1238 3177 reverentiam
1269 3112 1414 3177 debitam
1437 3133 1505 3176 non
1526 3112 1585 3175 im-

303 3218 458 3301 pendunt.
513 3216 608 3283 Unde
639 3218 716 3282 dum
740 3219 809 3283 eius
842 3217 1084 3300 subterfugiunt
1116 3220 1330 3302 disciplinam,
1365 3224 1398 3283 et
1428 3217 1584 3283 honestas

305 3325 525 3389 ecclesiastica
543 3315 668 3408 patitur
687 3323 917 3388 detrimentum
937 3331 970 3388 et
989 3346 1068 3389 cura
1090 3324 1234 3390 fidelium
1257 3348 1322 3391 non
1346 3346 1395 3406 ea,
1420 3345 1487 3406 qua
1510 3345 1582 3388 con-

304 3432 401 3512 venit,
425 3431 642 3495 sollicitudine
671 3436 878 3514 procuratur,
912 3431 998 3513 quod
1026 3432 1103 3513 quia
1131 3434 1292 3497 sustinere
1323 3453 1388 3497 non
1411 3452 1581 3514 possumus

304 3557 364 3601 neo
386 3537 551 3619 debemus,
575 3539 821 3602 universitatem
844 3543 985 3602 vestram
1008 3536 1177 3602 hortamur
1199 3540 1233 3602 in
1256 3538 1396 3604 Domino
1426 3544 1459 3602 et
1481 3538 1582 3621 preci-

304 3643 422 3726 piendo
444 3643 652 3727 mandamus,
686 3650 846 3727 quatenus
873 3645 939 3708 iam
967 3644 1054 3709 dicto
1083 3644 1325 3728 archiepiscopo
1353 3646 1438 3709 sicut
1460 3645 1583 3727 pastori

306 3755 339 3814 11
361 3751 611 3833 metropolitano
635 3757 742 3816 vestro
766 3751 986 3816 obedientiam
1006 3756 1040 3814 et
1057 3753 1272 3816 reverentiam
1292 3751 1436 3817 debitam
1461 3751 1582 3832 impen-

306 3857 392 3920 datis
416 3861 449 3920 et
472 3858 514 3921 ad
536 3859 758 3941 praesentiam
781 3859 861 3939 eius,
886 3879 959 3922 cum
982 3859 1089 3922 vocati
1111 3859 1249 3940 fueritis,
1274 3857 1476 3937 aecedentes,
1501 3877 1582 3938 quae

306 3964 459 4029 canonice
483 3963 525 4028 ad
547 3964 703 4030 honorem
726 3964 789 4030 Dei
812 3971 846 4029 et
867 3963 1012 4028 fidelium
1036 3965 1175 4030 salutem
1199 3965 1365 4047 statuerit,
1399 3963 1582 4046 suscipiatis

305 4070 471 4135 humiliter
494 4077 527 4135 et
551 4072 684 4136 servetis
717 4072 839 4152 scituri,
874 4070 974 4153 quod,
1007 4072 1035 4135 si
1063 4073 1135 4154 quis
1159 4073 1189 4136 ei
1213 4076 1326 4135 contra
1350 4069 1490 4135 salutem
1512 4091 1581 4152 pro-

305 4177 411 4259 priam
442 4177 632 4243 inobediens
665 4178 828 4242 exstiterit
852 4184 885 4242 11
907 4177 1052 4258 rebellis,
1087 4177 1299 4258 seutentiam,
1328 4198 1426 4258 quam
1454 4176 1488 4240 in
1511 4197 1581 4240 eum

305 4290 438 4367 propter
464 4284 526 4350 hoc
558 4285 712 4350 canonice
745 4285 871 4366 tulerit,
902 4291 1015 4350 autore
1038 4284 1178 4350 Domino
1205 4289 1313 4347 ratam
1335 4282 1528 4348 habebimus
1550 4293 1582 4347 11

307 4389 462 4455 iaciemus
480 4391 710 4457 inviolabiliter
734 4390 909 4457 observari.
948 4390 999 4455 Ad
1027 4391 1089 4456 hoc
1115 4389 1207 4455 vobis
1233 4389 1410 4454 autoritate
1432 4409 1580 4472 praesen-

307 4497 389 4560 tium
411 4496 609 4579 iuhibemus,
642 4518 683 4561 ne
707 4497 825 4579 aliquis
848 4503 992 4561 vestrum
1014 4497 1309 4562 excommunicatos
1338 4502 1371 4560 et
1392 4495 1579 4562 nominatim

398 4655 574 4711 ¹Heurieus.
648 4656 659 4686 ²
676 4657 767 4712 Petro.
