3284 5184
453 293 638 348 0333331311
655 308 692 348 13
710 307 877 348 umerorum
895 295 948 350 422
1277 283 1340 346 265

66 453 200 533 1113133,
224 474 283 517 333
306 452 391 516 11333
413 453 641 518 3333331131331
663 453 795 535 habere,
818 453 912 518 nobis
936 460 1049 519 contra
1077 477 1168 539 spem
1195 463 1341 522 nostram
1362 456 1456 519 1196.

65 541 119 622 tua
141 560 269 623 1133313
293 559 446 623 clauseris
470 559 613 642 pietatis,
638 560 724 642 quod
748 560 844 642 absit,
868 560 1009 625 11133113
1034 562 1128 626 nobis
1152 563 1273 628 auferri
1301 563 1340 628 de

65 673 117 729 tua
139 666 340 730 liberalitate
359 663 525 746 fiduciam,
550 666 577 729 si
600 668 690 748 passi
712 667 869 731 fuerimus
891 667 926 730 in
948 672 1017 731 1331
1044 667 1214 733 1313131111
1242 691 1341 734 33333

65 773 148 854 piam
177 773 387 854 petitionemn
409 772 582 854 repulsam.

64 988 146 1052 422.
176 991 357 1050 Goelastt'cas
379 990 430 1049 III
448 990 579 1066 episcopo
608 991 780 1051 Volsiniensi
806 991 947 1065 33333111,
974 999 1008 1051 at
1034 994 1250 1053 assessoribus
1277 996 1341 1054 3133

172 1098 293 1156 callum
317 1097 541 1172 praeiudicium
560 1104 711 1172 9311313131
734 1117 779 1171 33,
803 1098 882 1174 qnod
903 1099 1025 1173 3193313
1044 1100 1143 1161 313313
1166 1101 1251 1160 iacto
1274 1121 1341 1160 oon

172 1205 360 1264 suetudinem
387 1204 519 1278 fratremn
545 1203 700 1279 hospitalis
723 1205 989 1281 Hierosolymitani
1015 1205 1201 1264 incestibus
1222 1213 1343 1281 portare

167 1311 351 1388 promiserit.
396 1311 467 1369 Alio
489 1311 578 1370 addit.

357 1412 474 1483 Autogr.
493 1411 523 1466 in
540 1411 629 1467 tabul.
648 1417 705 1466 nat
724 1411 811 1465 Paris.
830 1411 863 1466 L.
882 1413 935 1467 235
953 1430 981 1466 n.
1002 1413 1043 1467 19.

151 1572 333 1638 Celestinus
357 1574 526 1657 episcopus
559 1595 670 1639 331133
703 1595 868 1638 servorum
891 1573 954 1638 Dei
985 1573 1163 1639 venerabili
1190 1574 1340 1639 fratri..
1369 1593 1452 1652 1197

68 1678 276 1744 Valaniensi1
303 1682 454 1764 episcopo
482 1681 620 1745 salutem
650 1687 683 1745 et
712 1680 923 1764 apostolicam
946 1680 1214 1746 benedictionem.
1261 1681 1342 1746 Cum
1358 1683 1457 1742 11318.

67 1789 130 1850 3133
156 1788 260 1851 vicem
283 1788 426 1869 gerimus
448 1788 482 1850 in
509 1789 620 1871 terris,
645 1788 701 1869 qui
728 1808 852 1869 pacem,
884 1808 983 1869 quam
1005 1793 1102 1851 natus
1129 1809 1187 1871 per
1211 1789 1342 1870 angelos

66 1892 146 1958 bone
170 1893 347 1958 voluntatis
371 1893 555 1958 hominibus
579 1895 758 1974 nunciavit,
782 1914 954 1976 resurgens
977 1893 1185 1976 postmodum
1208 1915 1343 1976 evange·

67 1999 174 2064 lizavit
198 2000 365 2082 discipulis
388 2021 446 2083 per
474 2023 508 2065 se
530 2002 651 2084 ipsum,
676 2021 741 2064 333
768 1999 864 2063 debet
892 1999 1056 2082 aliquibus
1084 2002 1343 2066 ammirationem

67 2107 209 2189 aliquam
233 2128 399 2189 generare,
425 2109 452 2171 si
474 2129 533 2190 pro
557 2107 641 2173 bono
664 2107 755 2190 pacis
780 2127 818 2171 33
842 2106 1055 2172 concedamus
1072 2107 1258 2190 aliquando,
1279 2130 1342 2191 que

66 2235 124 2277 uon
150 2219 261 2278 essent
284 2213 380 2279 aliter
403 2213 618 2278 concedenda.
664 2212 703 2277 In
727 2205 855 2277 1331313
885 2215 1004 2278 3133113
1034 2214 1171 2278 33313313
1193 2215 1344 2280 Romana

68 2319 279 2385 dissensionis·
298 2321 413 2385 vitium
437 2319 618 2385 detestatur
641 2326 673 2384 et
692 2320 861 2386 concordie
882 2319 1089 2402 amplectitur
1113 2321 1282 2403 unitatem,
1307 2328 1344 2387 ut

68 2427 105 2490 31
128 2426 308 2492 1311331313
340 2428 518 2510 iurgiorum
549 2428 721 2491 materiam
749 2432 781 2490 31
810 2427 895 2490 13131
918 2427 1053 2491 ecclesie
1076 2424 1161 2492 filios
1184 2429 1274 2511 pacis
1297 2429 1342 2493 fc-

68 2533 140 2597 11313
165 2532 374 2598 reformanda
397 2534 536 2616 quedam
559 2533 631 2599 fieri
655 2534 873 2617 dispensative
897 2532 1062 2613 concedat,
1087 2555 1150 2615 quc
1175 2535 1257 2599 alias
1280 2534 1343 2600 for-

68 2640 149 2703 sitan
169 2640 366 2722 prohiberet.
403 2639 498 2705 Unde
519 2641 546 2704 si
565 2639 644 2722 quid
661 2662 720 2722 pro
746 2639 831 2705 bono
854 2639 944 2723 pacis
967 2645 1078 2722 preter
1099 2640 1179 2703 iuris
1203 2642 1343 2723 rigorem

68 2745 103 2809 13
125 2747 266 2810 licencia
289 2747 375 2811 sedis
399 2747 576 2829 apostolice
600 2745 776 2828 aliquando
801 2747 965 2826 statuitur,
989 2768 1054 2811 nou
1074 2745 1171 2811 debet
1194 2769 1214 2811 a
1236 2753 1343 2831 postc-

67 2853 106 2916 ris
130 2854 167 2917 13
191 2859 417 2936 argumentum
442 2853 573 2934 assumi,
597 2858 634 2916 ut
658 2853 751 2934 quasi
774 2856 916 2915 tractum
935 2851 977 2914 ad
997 2855 1263 2935 consequentiam
1286 2854 1344 2918 ali·
1375 2886 1378 2891 ·

68 2957 184 3038 quibus
213 2961 317 3041 possit
343 2961 377 3023 in
410 2981 467 3025 suo
500 2958 569 3023 iure
601 2959 817 3042 preiudicium
849 2979 1014 3041 generare.
1062 2958 1147 3025 Sane
1171 2982 1244 3024 cum
1268 2960 1344 3026 olim

68 3064 240 3129 adsedem
265 3065 477 3149 apostolicam
501 3067 694 3131 accessisses
717 3071 750 3129 et
768 3065 856 3130 varie
879 3065 965 3128 inter
982 3070 1015 3128 te
1039 3087 1077 3128 ac
1101 3065 1236 3132 dilectos
1260 3065 1344 3131 filios

67 3177 193 3235 nostros
217 3171 334 3237 1131133
357 3173 612 3238 Ierusolimitani
634 3171 805 3255 hospitalis
828 3172 993 3254 proposita
1017 3171 1154 3236 fuissent
1176 3173 1210 3236 in
1232 3179 1344 3238 nostra

69 3283 98 3339 31
111 3276 252 3341 fratrum
266 3285 450 3344 3331131313
465 3279 635 3343 audiencia
655 3279 850 3360 questiones,
874 3277 1016 3360 tandem,
1041 3283 1078 3341 ut
1097 3281 1199 3344 omnis
1216 3281 1344 3362 questio

69 3385 242 3466 sopiretur,
277 3386 404 3467 signum
436 3387 540 3449 crucis
572 3386 665 3448 iuxta
698 3384 963 3449 consuetudinem
990 3385 1166 3450 eorundem
1195 3384 1343 3467 fratrum,

69 3487 105 3553 13
129 3511 269 3572 quorum
297 3493 458 3556 consortio
486 3493 520 3555 iu
549 3493 736 3574 episcopum
758 3489 849 3554 fuisti
872 3490 1012 3556 Domino
1036 3491 1228 3575 disponente
1250 3513 1344 3557 voca·

69 3601 133 3677 tus,
168 3602 300 3679 portare
332 3599 365 3661 in
396 3598 542 3687 restibus
574 3597 752 3682 promisisti
784 3602 818 3660 31
849 3596 889 3661 13
916 3598 1151 3681 indempnitate
1174 3597 1345 3681 hospitalis

70 3722 165 3785 super
188 3708 295 3769 castro
309 3705 451 3787 Margati
474 3705 514 3769 de
536 3705 673 3769 licencia
695 3715 806 3768 nostra
830 3724 884 3768 eos
902 3704 1074 3768 reddidisti
1088 3710 1144 3769 tuo
1163 3705 1345 3769 iuramento

70 3827 208 3874 securos
256 3808 340 3892 Quia
363 3833 438 3876 vero
463 3810 603 3892 dubitas,
627 3831 668 3875 33
685 3831 887 3875 successores
910 3811 959 3873 tui
983 3811 1128 3906 exemplo
1153 3810 1250 3874 simili
1274 3832 1344 3874 cru-

69 3935 136 3978 cem
160 3915 285 3981 deferre
310 3924 343 3983 et
365 3917 451 3982 idem
484 3923 723 3982 sacramentum
751 3917 846 3980 dictis
875 3914 1031 3982 fratribus
1054 3923 1201 4000 prestare
1228 3938 1344 3999 cogan-

69 4025 129 4103 tur,
154 4023 366 4106 petitionibus
389 4025 455 4088 tuis
478 4029 571 4106 grato
596 4028 823 4090 concurrentes
847 4044 982 4087 3333333
1011 4025 1212 4106 presentium
1234 4029 1344 4088 aucto-

69 4128 164 4193 ritate
189 4131 372 4213 statuimus,
396 4137 433 4195 ut
455 4151 513 4213 per
530 4129 591 4194 hoc
614 4129 739 4193 nullum
766 4130 812 4194 eis
835 4128 1049 4212 prciudicium
1073 4137 1258 4212 generetur,
1283 4131 1345 4193 nisi

70 4235 311 4314 predecessores
335 4243 408 4302 tuos
432 4235 570 4301 dominis
592 4236 735 4318 Margati
758 4236 839 4300 illud
852 4236 1044 4302 ,constiterit
1066 4237 1259 4319 prestitisse.
1292 4236 1344 4300 Ad

70 4339 126 4406 hec
149 4341 319 4408 libertates
343 4348 376 4406 31
398 4343 620 4407 1131333113133
643 4325 850 4406 Valaniensis
880 4342 1015 4407 ecclesie
1039 4348 1072 4406 et
1096 4343 1344 4407 consuetudines

155 4527 167 4550 ⁰
186 4524 229 4587 pia
247 4524 367 4587 petitione
386 4542 406 4574 c.

157 4628 166 4657 ¹
187 4627 276 4682 Series
295 4627 485 4698 episcoporum
504 4626 717 4682 Valauiensium
736 4625 828 4680 adhuc
846 4625 1020 4696 inexplorata
1039 4632 1088 4681 331.
