3336 5184
259 297 262 304 ¹
315 282 448 336 Osnrxrr
466 297 491 336 11
509 296 547 336 nr
566 282 706 336 Honoarr
725 293 749 333 11
768 292 935 335 nrrsronen
957 281 1013 334 162.
1035 282 1093 334 163.
1115 283 1166 334 164
1335 269 1373 328 81

95 442 178 508 162.
216 445 352 505 Calactae
375 447 410 506 H
433 447 746 507 communicationis
773 446 948 506 scabellum
975 465 994 504 a
1020 445 1171 504 ccaooicis
1197 446 1378 506 lldlecsibus

207 554 244 612 in
271 553 478 614 Theona-amm
500 556 534 614 dc
552 555 717 614 Imbcrlcort
739 554 869 630 aliosque
887 553 1036 630 prolatam
1058 553 1222 628 ooafirnoot.

235 672 309 728 Bibl.
328 679 387 728 nat
406 674 492 728 Paris.
512 691 562 729 ms.
583 675 630 729 lat.
652 675 736 730 16991
758 674 804 729 sol.
825 675 877 728 222
899 690 986 728 manu
1004 691 1026 728 s.
1045 687 1242 728 xvn-xvm.

184 796 335 862 Oalixtus
359 799 527 882 episcopus
552 821 662 864 servus
687 821 852 864 servorum
875 798 938 863 Dei
961 798 1088 862 dilectis
1116 797 1191 862 filiis
1215 797 1554 875 Tullensis1122„-24

95 904 233 969 ecclesie
250 905 413 970 canonicis
430 905 568 970 salutem
585 912 618 970 et
637 907 848 989 apostolicam
858 904 1126 971 benedictionem.
1164 905 1256 970 Sicut
1273 911 1378 969 mater
1409 895 1482 954 NOV·
1497 897 1545 955 15-

95 1012 237 1076 ecclesia
261 1011 394 1078 devotos
418 1019 451 1076 et
474 1012 661 1078 obedientes
685 1011 769 1078 filios
797 1012 882 1076 ulnis
906 1033 1008 1095 purae
1036 1013 1182 1076 caritatis
1211 1011 1377 1096 amplecti-

94 1125 157 1200 tur,
183 1120 234 1183 ita
257 1119 395 1182 rebelles
419 1125 452 1182 et
470 1126 708 1202 contemptores
728 1119 826 1184 debet
845 1119 1020 1184 secundum
1040 1120 1187 1202 justitiae
1213 1121 1377 1183 tramitem

94 1227 282 1292 cohercere.
332 1224 552 1291 Sententiam·
575 1228 675 1310 igitur
697 1226 1037 1291 excommunicationis
1062 1248 1082 1290 a
1109 1225 1200 1290 vobis
1225 1227 1377 1291 canonice

93 1333 281 1416 prolatamb
304 1331 338 1395 in
355 1332 589 1398 Theodericum
609 1332 648 1398 de
665 1333 885 1414 Imbertcort0,
906 1331 1146 1398 Theodericum
1165 1332 1377 1396 castellanum

95 1446 127 1504 et
150 1438 339 1505 Gerardnm
363 1439 464 1504 filium
488 1441 568 1521 ciue,
594 1462 801 1523 oppressores
826 1440 981 1504 ecclesiae
1004 1445 1146 1520 vestrae,
1175 1460 1234 1504 nec
1257 1461 1321 1504 non
1344 1439 1377 1501 in

96 1547 321 1612 Gislebertum
348 1553 382 1610 et
404 1547 576 1630 complices
604 1549 674 1612 eius
702 1569 805 1631 usque
834 1545 875 1610 ad
906 1547 1098 1628 condignam
1122 1545 1377 1610 satisfactionem

97 1654 135 1719 de
159 1653 283 1736 injuria
301 1653 454 1718 Haimoni
474 1653 701 1720 archidiacono
725 1661 758 1719 et
780 1655 849 1719 eius
870 1654 975 1731 sociis,
1000 1654 1108 1737 quiin
1128 1653 1377 1736 quadragesima

96 1761 185 1843 capti
209 1760 350 1840 fuerunt,
374 1759 467 1824 illata
490 1781 548 1825 nos
577 1761 771 1826 auctoritate
794 1760 881 1824 sedis
909 1760 1107 1842 apostolicae
1137 1758 1375 1824 confirmamus

95 1867 186 1930 Data
209 1865 366 1931 Laterani
390 1865 453 1930 XV
476 1866 550 1931 Kal.
575 1865 774 1932 Decembris.

95 2155 179 2220 163.
212 2155 366 2214 Honorius
384 2155 420 2214 Π
433 2156 745 2215 eoecmmnaaicatc'oaa's
768 2156 942 2215 scatentium
965 2176 984 2214 c
1007 2155 1116 2215 clericas
1138 2155 1319 2214 llallcasibus
1342 2156 1376 2213 io

210 2281 258 2320 eos
275 2261 435 2338 prolatam,
460 2263 513 2338 qai
535 2263 611 2321 bonu
633 2263 763 2322 ecclesiae
786 2263 978 2338 diripuerant,
1002 2263 1166 2338 confimat.

231 2379 302 2435 Bibl.
321 2386 378 2435 nat.
397 2380 484 2436 Paris.
504 2399 554 2436 ms.
574 2381 621 2436 lat.
644 2382 727 2436 16991
748 2381 794 2436 fol.
815 2382 880 2438 23012
899 2399 984 2436 manu
1003 2399 1024 2441 s.
1044 2393 1241 2436 xvn-xvm.

186 2539 352 2606 Honorius
376 2541 545 2624 episcopus
567 2563 681 2634 *servus
702 2563 867 2608 servorum
886 2542 948 2606 Dei
973 2541 1099 2607 dilectis
1118 2539 1193 2606 filiis
1213 2539 1375 2605 Tullonsie
1401 2554 1484 2614 1125

96 2648 255 2713 ecclesiae
280 2647 405 2712 clericis
430 2647 568 2712 salutem
587 2654 620 2712 et
638 2648 850 2730 apostolicam
868 2648 1136 2714 benedictionem.
1175 2646 1266 2713 Siout
1285 2645 1375 2711 audi·
1394 2644 1457 2703 Oct
1471 2646 1498 2704 3.

96 2757 213 2835 vimus,
237 2776 293 2819 vos
318 2774 415 2837 super
434 2754 601 2837 quosdam,
627 2756 683 2837 qui
705 2754 791 2820 bona
810 2755 971 2820 Tullensis
991 2755 1147 2820 ecclesiae
1171 2777 1252 2819 ausu
1276 2754 1375 2818 sacri·

95 2862 168 2945 lego
188 2861 400 2944 diripuerant,
420 2859 678 2944 praedecessoris
697 2862 801 2926 nostri
818 2861 920 2926 felicis
940 2864 1115 2928 memoriae
1133 2883 1238 2945 papae
1256 2860 1375 2925 Oalixti

95 2973 272 3051 praecepto
305 2967 521 3032 anathematis
554 2967 749 3032 sententiam
780 2969 973 3050 protulistis.
1029 2968 1095 3034 Nos
1127 2990 1211 3048 vero,
1245 2967 1375 3050 quoda

96 3075 189 3142 vobis
222 3075 376 3139 canonice
409 3073 530 3139 factum
563 3080 626 3155 est,
659 3079 766 3137 ratum
799 3073 966 3139 habemus.
1021 3074 1110 3140 Data
1139 3074 1316 3138 Beneventi
1344 3072 1375 3137 V

96 3182 209 3248 Nonas
233 3179 394 3246 Octobris.

98 3417 182 3482 164.
213 3417 367 3476 Honorius
388 3416 425 3474 Η
442 3416 568 3476 Heom'co
591 3417 722 3493 episcopo
744 3417 873 3476 talam
894 3417 1026 3488 mundat,
1050 3422 1231 3474 commoneat
1251 3416 1374 3474 Tbeodc
1421 3449 1423 3454 ·

208 3525 306 3582 mcum
335 3524 369 3582 dc
397 3523 564 3582 Imbcrtcort
594 3523 714 3599 eiusque
744 3524 909 3599 complaces,
946 3529 981 3582 al
1011 3523 1161 3582 1111011113
1193 3523 1375 3582 llrllcasilras

209 3629 306 3689 ablata
328 3629 403 3689 borea
424 3631 598 3703 restituant·
620 3629 684 3688 11111
705 3648 798 3705 usque
820 3630 859 3688 ad
880 3629 906 3688 d.
932 3629 1084 3688 29111111
1106 3629 1239 3706 fecerint,
1263 3649 1374 3688 mecm·

208 3737 361 3795 mundari
383 3755 430 3796 eos
446 3737 536 3813 jabet.

232 3854 303 3909 Bibl.
322 3860 380 3909 nat.
399 3855 485 3909 Paris.
505 3872 555 3908 ms.
575 3854 623 3909 let.
644 3856 727 3910 16991
748 3855 796 3910 fol.
816 3855 881 3910 2301’
900 3871 986 3909 manu
1004 3871 1025 3908 s.
1045 3867 1241 3909 xvn-xvm.

185 4015 351 4081 Honorius
375 4016 545 4098 episcopus
569 4037 680 4080 servus
704 4037 869 4081 servorum
888 4015 951 4079 Dei
975 4014 1151 4079 venerabili
1174 4014 1268 4079 fratri
1286 4013 1373 4078 Hen·
1421 4034 1505 4093 1126

95 4125 163 4188 rico
188 4122 335 4187 Tullensi
363 4123 514 4206 episcopo
542 4122 680 4186 salutem
709 4128 742 4188 et
769 4122 982 4204 apostolicam
1009 4121 1274 4186 benedictionem.
1321 4119 1374 4185 Ad
1392 4123 1478 4182 Mart.
1492 4125 1541 4182 28.

95 4229 158 4295 hoc
181 4229 399 4312 episcopalem
419 4227 606 4293 cathedram
625 4228 688 4293 tibi
706 4229 819 4294 credas
843 4227 952 4293 aDeo
976 4227 1076 4293 fuisse
1100 4228 1313 4308 commissam,
1338 4232 1375 4290 ut

96 4335 200 4401 bonos
224 4341 258 4400 et
280 4335 417 4400 humiles
441 4331 578 4417 paterna
601 4335 761 4401 charitate
784 4336 910 4418 diligas,
942 4356 1058 4418 pravos
1084 4341 1190 4399 autem
1215 4339 1248 4398 et
1270 4332 1373 4397 rebel·

95 4443 143 4507 les
168 4442 256 4508 iusta
283 4442 481 4507 correctione
509 4447 640 4524 satagas
668 4450 825 4508 coercere.
877 4442 1037 4524 Quocirca
1069 4441 1267 4505 fraternitati
1298 4445 1374 4505 tuae

187 4630 199 4653 ¹
217 4622 341 4672 sententia
358 4641 378 4672 c.
451 4621 581 4686 bprolatu
599 4642 618 4672 c.
690 4625 869 4674 eUnbcrtcort
887 4643 906 4672 c.

151 4728 333 4776 Lomento,
353 4726 425 4777 Epist.
441 4726 505 4767 Pout.
521 4727 585 4769 Rom.
1145 4710 1161 4762 6
