3336 5184
265 299 307 361 98
641 313 777 368 Eusenn
794 325 832 366 m
849 323 1016 366 nrrsronnn
1036 313 1095 368 191.
1115 312 1166 367 192

142 473 228 533 1144
264 494 337 538 mus
369 479 469 555 atque
502 473 709 553 donationes,
741 471 942 538 venditiones
975 493 1032 538 seu
1064 472 1228 554 quaslibet
1258 471 1470 537 alienationes
1504 471 1548 536 de

122 563 183 622 Mal
196 562 246 622 1⁶·
264 580 359 644 bonis
382 579 433 644 vel
457 579 496 643 de
519 579 778 662 possessionibus
801 578 991 644 Baiocensis
1016 579 1171 644 ecclesiae
1194 600 1252 662 per
1276 579 1457 661 episcopos,
1486 580 1548 661 qui

264 692 340 771 post
361 687 468 769 ipsum
492 684 639 751 Odonem
661 686 695 749 in
718 684 832 750 eadem
855 685 993 749 ecclesia
1015 683 1196 767 praefuisse
1218 691 1406 767 noscuntur,
1426 685 1547 767 factaS,

266 793 420 875 quoniam
443 793 528 857 sicut
550 793 733 874 accepimus
757 791 989 874 dilapidatores
1007 791 1165 856 bonorum
1185 791 1341 857 ecclesiae
1355 791 1548 856 Baiooensis

266 900 444 964 extiterunt
476 903 509 962 et
540 903 608 962 tem
639 897 829 962 thesaurum
860 920 958 980 quam
990 897 1210 980 possessiones
1238 896 1305 963 fere
1333 898 1375 962 ed
1406 898 1548 962 nihilum

265 1005 469 1088 redegerunt,
494 1025 688 1071 evacuamus
712 1009 744 1068 et
766 1005 877 1069 irritas
902 1025 973 1069 esse
997 1025 1174 1068 censemus.
1212 1003 1307 1069 Unde
1329 1025 1388 1087 per
1414 1011 1547 1088 aposto-

265 1112 330 1176 lica
352 1111 444 1176 vobis
468 1111 590 1194 scripte
613 1108 818 1192 mandamus,
843 1115 880 1175 ut
902 1132 969 1191 vos,
994 1111 1050 1193 qui
1073 1109 1217 1176 eiusdem
1241 1111 1397 1176 ecclesiae
1416 1134 1547 1195 posses-

267 1220 372 1284 siones
397 1223 430 1282 et
452 1217 538 1283 bona
561 1216 708 1300 qualibet
731 1218 936 1282 concessione
961 1217 1136 1282 eorundem
1156 1217 1392 1301 episcoporum
1421 1218 1546 1284 detine·

265 1327 322 1408 tis,
357 1324 462 1390 eidem
495 1325 645 1407 episcopo
678 1344 751 1387 cum
783 1323 970 1404 integritate
998 1322 1156 1405 reddetis,
1191 1325 1275 1388 sicut
1301 1346 1360 1408 per
1381 1325 1545 1407 legitimos

264 1438 366 1497 testes
389 1432 572 1495 iuramento
590 1429 723 1513 probari
741 1429 864 1511 fecerit,
882 1429 1095 1494 Baiocensem
1113 1430 1285 1494 ecclesiam
1300 1432 1444 1496 tenuisse
1462 1436 1545 1496 tem-

266 1559 344 1623 pore
368 1535 512 1602 Oddonis
536 1529 678 1620 episcopi
710 1536 744 1598 in
776 1535 1014 1601 dominicatura
1041 1535 1092 1600 vel
1119 1536 1153 1599 in
1180 1535 1288 1616 feod03
1322 1537 1468 1621 alioquin
1490 1559 1546 1602 ex-

267 1643 566 1710 communicationis
594 1641 645 1706 vel
671 1641 836 1706 interdicti
868 1643 1078 1723 sententiam,
1110 1663 1207 1725 quam
1235 1644 1327 1708 iuxta
1350 1643 1429 1708 dicti
1451 1666 1546 1728 prae·

267 1750 446 1817 decessoris
469 1750 573 1815 nostri
596 1747 721 1813 Urbani
743 1749 981 1814 institutionem
1006 1750 1041 1812 in
1063 1770 1120 1813 vos
1144 1751 1297 1814 canonice
1320 1751 1546 1834 promulgave-

266 1860 319 1940 rit,
343 1879 403 1922 nos
427 1860 558 1921 auctore
581 1854 721 1920 Domino
740 1860 847 1919 ratam
865 1854 1067 1920 habebimus.
1105 1855 1227 1919 Datum
1244 1855 1402 1921 Laterani
1420 1856 1547 1923 decimo

268 1965 405 2047 septimo
428 1961 594 2028 Kalendas
617 1960 713 2025 Iunii.

267 2181 345 2246 191.
377 2180 531 2258 Enpenins
545 2179 597 2237 ΙΙΙ
613 2178 742 2254 Arnnlfo
766 2179 896 2254 episeopo
910 2177 1085 2237 Lenoeiensi
1101 2179 1254 2255 proserpit,
1277 2199 1314 2238 ne
1331 2183 1549 2240 monesterium

380 2281 516 2346 Beccense
538 2285 678 2362 inquietet
699 2285 743 2343 rel
765 2285 800 2343 ab
823 2284 922 2361 nliqno
945 2283 1106 2360 inquietari
1121 2286 1265 2361 patietur.

374 2406 445 2461 Bibl.
464 2411 522 2460 nat.
542 2404 628 2460 Pan's.
649 2406 675 2474 1)
700 2402 892 2459 0011.Ba1uze
911 2402 962 2456 120
985 2403 1031 2458 iol.
1051 2404 1086 2458 65
1104 2420 1191 2458 manu
1210 2403 1306 2475 Steph.
1325 2404 1440 2472 Baluzii,

522 2494 548 2563 2)
568 2510 618 2547 ms.
637 2492 685 2547 lat.
706 2492 794 2547 16992
812 2491 859 2547 fol.
879 2493 1076 2546 1141111111.
1095 2506 1291 2548 xvn-xvm.

156 2637 240 2696 1145
358 2618 524 2701 Eugenius
553 2618 722 2700 episcopus
750 2637 860 2681 servus
889 2637 1055 2681 servorum
1078 2616 1139 2681 Dei
1167 2617 1344 2682 venerabili
1366 2617 1461 2682 fratri
1484 2619 1547 2683 Ar-

152 2726 212 2785 Mai
222 2726 250 2784 8
269 2725 359 2791 nulfo
390 2724 583 2790 Lexoviensi
615 2724 766 2806 episcopo
799 2723 937 2787 salutem
969 2728 1002 2787 et
1035 2723 1245 2806 apostolicam
1277 2723 1546 2790 benedictionem.

270 2831 343 2897 Non
374 2832 503 2913 ignorat
534 2835 592 2894 tua
624 2829 823 2910 lratemitas,
857 2828 943 2911 quod
969 2829 1169 2894 venerabilia
1191 2830 1264 2895 loca
1292 2852 1365 2895 cum
1392 2831 1486 2896 bonis
1515 2837 1549 2896 et

269 2935 528 3022 possessionibus
558 2937 625 3001 suis
653 2935 750 3000 nullis
775 2934 895 2999 debent
921 2936 1162 3018 gravaminibus
1186 2938 1327 3019 concuti,
1358 2938 1456 3001 nullis
1479 2960 1548 3002 mo-

269 3046 373 3110 lestiis
398 3044 526 3126 agitari.
563 3041 707 3126 Ideoque
730 3063 789 3126 per
812 3043 990 3125 apostolica
1008 3042 1069 3106 tibi
1088 3044 1211 3126 scripta
1233 3042 1424 3108 mandamus
1448 3049 1548 3126 atque

269 3152 497 3234 praecipimus,
522 3150 676 3232 quatinus
695 3149 859 3214 Beccense
877 3149 1110 3213 monasterium
1134 3149 1303 3232 superbis
1327 3171 1410 3232 quae
1433 3152 1548 3214 intuo

269 3259 460 3340 episcopatu
497 3256 650 3321 canonice
689 3255 874 3338 1111111111δ
909 3255 1196 3338 praedecessorum
1234 3262 1365 3322 tuorum
1400 3261 1548 3348 tempore

269 3364 354 3428 iuste
376 3361 535 3446 possedit,
569 3362 602 3425 in
625 3362 714 3427 nullo
741 3362 979 3445 possessionem
1003 3363 1072 3446 ejus
1099 3363 1260 3444 inquietes
1288 3383 1347 3426 neo
1371 3361 1412 3425 ab
1436 3362 1548 3443 aliquo

269 3469 445 3552 inquietari
475 3469 656 3551 permittas.
704 3467 739 3532 Si
762 3469 834 3550 quis
859 3469 957 3532 etiam
981 3466 1021 3532 de
1045 3467 1184 3532 subditis
1212 3470 1277 3532 tuis
1306 3468 1411 3533 eidem
1434 3489 1547 3532 mona-

270 3577 369 3641 sterio
393 3574 517 3658 aliquid
541 3574 580 3639 de
603 3575 673 3639 iure
697 3596 755 3639 suo
779 3573 893 3639 offerre
911 3572 1060 3656 voluerit,
1084 3597 1149 3639 non
1167 3575 1340 3658 prohibeas
1359 3596 1463 3656 neque
1488 3575 1548 3638 ali-

270 3681 356 3765 quod
375 3683 405 3747 ei
424 3680 539 3746 exinde
557 3679 822 3763 impedimentum
842 3680 953 3745 facias.
991 3679 1236 3746 DataViterbib
1254 3680 1340 3746 VIII
1357 3680 1435 3745 Idus
1454 3680 1545 3745 Maii.

269 3917 351 3983 192.
381 3917 534 3994 lhrpenins
556 3917 609 3976 ΙΠ
625 3916 775 3976 cononicis
804 3916 834 3975 S.
861 3915 1002 3991 Stephani
1035 3916 1310 3975 Vesontionensibns
1345 3917 1480 3996 nmndot,
1514 3923 1546 3976 nt

374 4024 574 4101 pririlepinrn,
599 4042 655 4099 qno
672 4041 788 4098 pasena
810 4023 953 4098 qnuedern
976 4023 1014 4081 act
1035 4023 1249 4099 nimicsterinne
1266 4023 1460 4082 Bolbe-cattis
1477 4042 1546 4099 pe·-

381 4131 505 4190 tinentiu
527 4129 757 4206 confirmaverit,
788 4129 846 4186 sibi
867 4134 1010 4204 reportent
1032 4135 1058 4188 et
1080 4129 1113 4188 de
1135 4129 1317 4204 subreptione
1345 4129 1545 4204 respondeant.

428 4249 501 4304 Bibl.
520 4254 577 4304 nat.
596 4247 682 4304 Pan‘s.
702 4247 771 4302 0011.
790 4246 906 4302 Moreau
923 4247 977 4302 870
995 4247 1043 4302 sol.
1063 4248 1114 4302 138
1133 4265 1220 4303 manu
1238 4265 1258 4303 s.
1278 4262 1368 4303 xvm.

93 4386 249 4446 1145-46
357 4375 524 4458 Eugenius
557 4374 728 4457 episcopus
761 4393 873 4436 servus
907 4393 1072 4438 servorum
1094 4372 1157 4437 Dei
1179 4372 1312 4439 'dilectis
1344 4371 1420 4437 filiis
1449 4394 1545 4438 cano-
1665 4405 1666 4412 .

102 4475 240 4536 N⁰v·28·
268 4482 350 4546 nicis
383 4481 487 4545 sancti
510 4479 666 4563 Stephani
688 4479 853 4544 Bisuntini
877 4479 1014 4543 salutem
1047 4484 1080 4543 et
1108 4479 1320 4562 apostolicam
1347 4478 1545 4544 benedictio·

357 4648 369 4673 ·
387 4642 518 4704 adquisitis
536 4643 589 4693 cod.
644 4639 656 4672 l
674 4642 784 4692 Viterbii
804 4644 827 4692 2.
