3284 5184
286 316 349 378 258
677 309 861 384 conaremur
879 341 916 382 111
933 339 1102 382 surerenas
1119 328 1173 381 414

163 490 247 550 1196
285 491 442 573 favorem,
465 490 602 575 provida
624 490 770 554 noscitur
793 488 1028 554 deliberatione
1052 493 1221 553 statutum.
1268 486 1336 552 Nos
1365 494 1476 552 autem
1498 489 1571 552 tuis

138 583 200 640 1³1¹·
213 580 264 638 29·
284 599 380 662 iustis
394 596 668 682 postulationibus
683 602 776 678 grato
790 601 1018 661 concurrentes
1031 615 1168 659 assensu
1191 596 1431 660 institutionem
1449 595 1571 678 ipsam,

285 706 370 770 sicut
384 703 516 788 provide
536 724 575 767 ac
589 703 658 767 sine
673 704 835 786 pravitate
850 701 938 766 lacta
957 707 1016 783 est,
1036 707 1143 765 ratam
1162 701 1333 783 habentes,
1359 723 1431 766 eam
1454 706 1571 767 aucto-

284 813 383 878 ritate
413 809 593 894 apostolica
622 808 851 874 confirmamus
879 813 913 872 et
939 808 1100 891 presentis
1129 808 1243 891 scripti
1270 808 1452 891 patrocinio
1481 830 1572 873 com-

285 919 456 982 munimus.
502 915 592 980 Nulli
609 936 685 998 ergo
705 916 834 980 omnino
857 913 1025 980 hominum
1046 914 1155 995 liceat,
1179 914 1264 978 hanc
1282 919 1394 979 nostre
1412 915 1573 998 paginam

286 1023 539 1090 confirmationis
562 1021 737 1104 infringere
766 1021 817 1086 vel
845 1022 876 1084 ei
904 1041 987 1085 ausu
1013 1021 1187 1085 temerario
1216 1021 1388 1085 contraire.
1435 1020 1470 1086 Si
1494 1023 1573 1104 quis

285 1137 395 1196 autem
424 1130 486 1196 hoc
518 1134 716 1212 attemptare
752 1128 1001 1211 presumpserit,
1041 1126 1299 1210 indignationem
1336 1128 1573 1211 omnipotentis

285 1236 348 1301 Dei
372 1243 404 1301 et
426 1236 597 1302 beatorum
620 1234 712 1299 Petri
735 1238 768 1297 et
790 1233 886 1298 Pauli
910 1234 1132 1317 apostolorum
1155 1234 1224 1298 eius
1249 1254 1283 1298 se
1312 1234 1439 1298 noverit
1461 1234 1573 1298 incur·

286 1365 408 1408 surum.
454 1341 577 1407 Datum
599 1339 756 1405 Laterani
784 1339 856 1404 IIII
877 1339 952 1404 Kal.
976 1339 1086 1422 Febr,
1117 1339 1327 1424 pontificatus
1354 1341 1459 1405 nostri
1482 1361 1573 1409 anno

287 1450 411 1532 quinto.

286 1753 371 1820 414.
406 1756 585 1816 Goelcstc'oos
608 1754 659 1813 ΙΙΙ
677 1754 862 1814 Ruiocldwm
884 1755 1004 1814 electrum
1026 1774 1046 1814 a
1068 1754 1196 1830 capitulo
1221 1754 1251 1814 S.
1269 1754 1403 1813 Marcelli
1425 1755 1573 1814 decanum

397 1863 555 1938 confirmat
577 1868 603 1921 ct
629 1863 772 1936 moqistro
795 1861 935 1936 Philippo
957 1859 1099 1920 wooaic'o
1122 1860 1306 1934 Pcrc‘sieosi,
1330 1862 1463 1920 electioni
1484 1863 1573 1921 illius

397 1969 555 2042 ceunomo,
579 1968 734 2027 silentium
756 1967 892 2042 imponit.

562 2089 679 2157 Autogr.
698 2086 728 2140 in
747 2085 835 2140 tabul.
854 2091 912 2140 nat.
931 2084 1018 2142 Paris.
1037 2085 1069 2140 L.
1089 2085 1141 2140 235
1160 2103 1187 2140 n.
1208 2085 1286 2154 ΜΨ.

81 2265 84 2272 ’
167 2266 252 2328 1196
376 2248 558 2314 Oelcstinus
581 2247 752 2331 episcopus
782 2267 893 2310 servus
918 2265 1083 2310 servorum
1105 2245 1169 2311 Dei
1192 2246 1432 2311 venerabilibus
1461 2245 1572 2311 fratri-

152 2359 226 2433 Apr.
239 2354 267 2411 1·
287 2358 348 2423 bus
369 2406 376 2421 .
398 2405 405 2420 .
430 2354 609 2421 Senonensi
633 2352 895 2436 archiepiscopol
919 2357 952 2416 et
972 2401 978 2415 .
1001 2401 1007 2414 .
1033 2352 1184 2436 episcopo
1207 2351 1407 2418 Parisiensi²
1431 2353 1573 2419 salutem
1633 2413 1634 2442 ,

288 2471 321 2530 et
344 2451 557 2548 apostolicam
580 2459 848 2525 benedictionem.
887 2457 968 2522 Cum
992 2457 1129 2526 dilectus
1152 2458 1239 2523 filius
1262 2461 1419 2543 magister
1433 2459 1573 2542 Egidius
1633 2459 1634 2535 i

287 2569 484 2637 Parisiensis
507 2573 619 2634 nostro
643 2587 677 2630 se
701 2565 888 2649 conspectui
910 2569 1142 2648 presentasset,
1166 2572 1293 2631 vestras
1321 2573 1354 2631 et
1377 2567 1573 2632 dilectorum

287 2678 429 2744 filiorum
452 2674 681 2740 canonicorum
705 2673 839 2737 ecclesie
862 2673 952 2737 beati
974 2671 1123 2736 Marcelli
1145 2671 1342 2737 Parisiensis
1365 2673 1459 2739 nobis
1482 2674 1571 2738 litte-

287 2807 342 2850 ras
365 2782 552 2865 assignavit,
578 2801 617 2844 ex
640 2801 780 2862 quarum
807 2784 920 2844 tenore
950 2779 1138 2859 didicimus,
1168 2779 1353 2861 quodcum
1381 2780 1497 2844 eadem
1522 2802 1571 2844 ec-

288 2892 388 2956 clesia
411 2890 533 2954 decano
556 2886 672 2951 fuisset
701 2884 823 2950 diutius
850 2884 998 2966 viduata,
1026 2886 1089 2969 ipsi
1118 2887 1265 2952 canonici
1289 2885 1444 2950 dilectum
1467 2885 1572 2950 filium

287 2996 495 3077 Rainaldum‚
529 2994 581 3058 cui
612 2993 693 3057 satis
724 2991 891 3056 laudabile
921 2992 1144 3057 testimonium
1176 2992 1381 3076 perhibetur,
1413 2994 1447 3057 in
1476 3015 1572 3058 suum

289 3104 447 3170 decanum
461 3100 665 3167 concorditer
679 3099 856 3182 elegerunt,
882 3119 1019 3181 cumque
1034 3099 1172 3164 eundem
1186 3098 1258 3181 tibi,
1284 3098 1387 3164 fiater
1410 3100 1572 3184 episcope,

288 3214 541 3295 presentassent,
574 3213 650 3271 ate
673 3203 736 3268 fuit
765 3204 799 3268 in
829 3204 905 3268 sede
935 3203 1070 3287 pacifice
1098 3205 1277 3271 collocatus
1306 3210 1340 3269 et
1362 3206 1573 3288 postmodum

289 3339 363 3383 eum
386 3315 509 3380 curasti
532 3313 585 3398 (ad
608 3312 784 3398 cumu)lum
803 3311 972 3393 dignitatis
990 3312 1093 3396 ipsius
1117 3313 1151 3375 in
1169 3311 1390 3394 presbiterum
1409 3312 1572 3378 ordinare.
1632 3387 1633 3392 η

287 3424 353 3490 Nos
376 3423 485 3504 igitur,
510 3419 597 3503 quod
619 3440 679 3502 per
700 3423 734 3483 te
757 3424 790 3482 et
817 3417 980 3501 predictos
1000 3419 1171 3484 canonicos
1191 3418 1231 3482 de
1255 3419 1327 3502 ipso
1339 3468 1426 3482 .....
1447 3417 1572 3484 factum

288 3535 347 3612 est,
370 3533 479 3592 ratum
501 3526 671 3608 habentes,
694 3525 889 3590 decanatum
915 3525 1024 3608 ipsum
1043 3525 1148 3590 eidem
1166 3524 1352 3612 R(ainald0)
1375 3527 1574 3591 auctoritate

288 3635 468 3719 apostolica
478 3633 627 3698 duximus
638 3631 903 3699 confirmandum.
943 3630 1104 3714 Quoniam
1114 3637 1224 3696 autem
1237 3631 1574 3717 magisterPhilippus

288 3742 462 3808 canonicus
485 3739 679 3805 Parisiensis
702 3738 798 3804 huius
821 3738 900 3803 facti
924 3737 1099 3821 aliquando
1124 3739 1233 3802 extitit
1263 3740 1474 3821 contrarius⁸,
1499 3761 1573 3824 pre-

286 3851 430 3915 sentium
452 3847 544 3913 vobis
567 3846 765 3912 auctoritate
783 3845 991 3928 mandamus,
1020 3852 1181 3928 quatenus
1211 3845 1241 3910 ei
1270 3845 1310 3910 de
1341 3851 1449 3911 cetero
1473 3867 1574 3929 super

287 3957 349 4023 hoc
373 3955 538 4020 silentium
560 3952 745 4037 imponatis,
770 3953 798 4017 si
826 3952 905 4034 quid
931 3953 1147 4036 interipsum
1171 3951 1352 4036 capitulum
1376 3956 1409 4016 et
1432 3951 1573 4016 eundem

287 4063 478 4146 Philippum
510 4058 706 4144 superfuerit
738 4059 931 4141 questionis,
961 4059 1186 4145 (compon)atis
1216 4078 1279 4140 que
1299 4107 1571 4123 ..........

289 4167 510 4252 componenda
543 4171 576 4231 et
606 4185 738 4229 causam
769 4165 875 4249 ipsam
908 4165 1127 4250 appellatione
1159 4169 1286 4230 remota
1317 4163 1382 4229 fine
1414 4165 1572 4230 canonico

288 4275 469 4341 terminetis
493 4269 649 4338 ¹facientes
671 4320 880 4336 ........
905 4292 964 4355 per
986 4292 1157 4337 censuram
1182 4271 1440 4336 ecclesiasticam
1459 4271 1572 4354 appel·

287 4383 410 4448 latione
428 4379 611 4465 postposita
628 4378 765 4443 firmiter
779 4378 953 4459 observari,
978 4377 1075 4442 nullis
1088 4377 1208 4444 litteris
1224 4377 1443 4460 obstantibus,
1458 4377 1522 4442 hac
1532 4375 1571 4462 (P)

377 4566 389 4590 ⁸
406 4565 437 4611 In
454 4564 601 4624 autoprapbc
614 4578 676 4623 pm
692 4563 792 4609 mamb.

379 4666 389 4696 ¹
407 4663 546 4720 Michaeli.
619 4663 630 4694 '
648 4661 789 4718 Mauritio.
