3296 5178
275 239 318 302 50
665 257 855 308 Annxarvnnr
873 267 898 308 11
916 267 1084 308 nersvonan
1104 253 1155 307 100

160 413 245 472 1065
275 421 388 482 contra
415 416 465 479 ius
498 414 749 498 privilegiorum,
783 437 804 480 a
828 415 949 480 sanctis
982 419 1016 479 et
1047 415 1241 498 apostolocis
1270 416 1347 480 viris
1378 415 1557 482 salubriter

159 502 255 579 (Mai.)
274 522 379 587 eidem
409 523 606 586 monasterio
630 522 819 587 multotiens
843 542 1046 602 conoessum,
1075 528 1253 605 contraque
1277 522 1481 588 Francorum
1504 544 1556 587 re-

273 650 349 712 gum
380 634 413 693 et
436 629 661 711 episcoporum
688 629 791 711 ipsius
819 629 925 711 patrie
953 629 1200 694 constitutiones
1229 629 1397 712 subripere
1426 630 1556 712 sibique

272 735 444 800 vendicare
468 736 535 799 iam
558 735 636 798 dicti
659 734 850 800 monasterii
872 740 1069 818 potestatem
1096 737 1349 819 attemptaverit.
1396 737 1449 800 Ad
1469 759 1556 819 quae

273 843 425 907 nimirum
449 842 631 906 dirimenda
658 842 700 906 ad
728 843 839 907 sedem
867 842 1080 926 apostolicam
1102 848 1277 925 utrumque
1304 844 1413 908 venire
1436 845 1556 907 invita-

272 950 387 1031 vimus,
411 955 448 1015 ut
471 947 517 1012 ibi
536 950 740 1032 congregatis
759 949 993 1014 aecclesiarum
1011 948 1174 1014 iudicibus
1193 949 1294 1024 huius,
1309 971 1442 1014 causam
1456 950 1557 1032 litigii

273 1057 427 1121 canonice
450 1054 627 1121 finiremus
665 1055 727 1120 His
746 1057 846 1139 igitur
864 1059 898 1120 in
918 1063 1030 1121 sancto
1050 1056 1186 1122 concilio
1210 1058 1453 1138 representatis,
1478 1064 1557 1140 post

272 1162 402 1246 longam
416 1162 659 1243 discussionem,
679 1169 754 1246 post
766 1163 874 1226 varias
890 1163 1173 1245 utriusquepartis
1187 1163 1408 1247 oppositiones
1423 1164 1554 1245 claruit,

271 1270 432 1335 iustitiam
454 1267 580 1352 prefato
614 1270 810 1335 monasterio
843 1269 965 1351 favere,
997 1290 1057 1333 nec
1080 1275 1129 1334 tot
1152 1275 1210 1334 aut
1232 1275 1399 1336 tantorum
1422 1269 1555 1354 pontifi-

272 1398 345 1440 cum
369 1376 559 1440 auctoritati
582 1374 707 1457 absque
725 1375 886 1441 horrendo
906 1376 1113 1441 anathemate
1132 1376 1274 1459 aliquem
1293 1398 1389 1460 posse
1409 1376 1553 1442 obviare.

272 1482 366 1548 Unde
391 1482 524 1547 oonsilio
547 1482 648 1546 totius
673 1483 795 1546 sancti·
823 1489 1013 1565 conventus,
1042 1504 1106 1566 que
1134 1505 1154 1547 a
1182 1485 1322 1548 sanctis⁸
1345 1484 1554 1567 predecesso-

272 1591 363 1654 ribus
387 1589 526 1654 nostrisb
550 1593 661 1653 sancte
686 1595 761 1652 sunt
783 1590 949 1672 instituta,
981 1589 1180 1654 firmavimus
1209 1597 1307 1674 atque
1332 1591 1554 1656 corroboravi-

272 1718 353 1760 mus.
400 1695 567 1778 Rogamus
599 1696 710 1777 itaque
743 1697 949 1780 prudentiam
976 1703 1128 1778 vestram,
1154 1703 1191 1761 ut
1214 1698 1391 1763 secundum
1415 1697 1554 1763 formam

272 1808 305 1867 et
333 1802 539 1868 devotionem
565 1803 808 1886 precedentium
836 1825 949 1886 regum
980 1803 1176 1869 venerabilis
1204 1804 1267 1870 loci
1295 1804 1481 1870 libertatern
1510 1806 1554 1868 ab

271 1910 359 1975 omni
383 1909 643 1975 adversariorum
665 1910 789 1993 impetu
814 1909 1019 1976 defendatis⁰

271 2287 361 2353 100.
384 2290 548 2348 absander
565 2290 601 2348 H
619 2290 758 2348 Rcrncnsi
779 2296 806 2349 et
826 2290 990 2349 Sucronensi
1008 2289 1231 2366 archiepiscopis
1248 2291 1379 2362 mundat,
1402 2297 1552 2362 morwont,

382 2396 528 2464 interdicti
540 2413 638 2470 poeno
650 2397 814 2472 proposito,
833 2415 926 2472 repens
939 2395 1145 2472 prirwrpesqne
1158 2397 1351 2469 diurnorum,
1370 2403 1404 2455 at
1422 2397 1553 2456 musae

387 2502 574 2562 Ounnotensis
596 2503 762 2562 invasorem
785 2503 911 2563 aiebant.

379 2621 449 2677 0011.
461 2622 528 2676 Brit.
539 2622 619 2676 Alex,
638 2639 681 2693 ep,
692 2623 735 2690 32,
752 2622 783 2676 in
801 2622 861 2677 eod.
871 2622 945 2677 Mus.
956 2622 1024 2677 Brit.
1034 2621 1108 2676 Add.
1118 2621 1189 2677 8873
1207 2639 1229 2678 s.
1240 2635 1289 2676 ΧΠ
1306 2623 1344 2677 in.
1359 2623 1407 2679 fol.
1417 2625 1461 2676 44.

159 2805 253 2863 1065.
362 2799 557 2865 (ivervassiod
578 2799 733 2864 Remensi
761 2803 805 2885 (et
831 2799 1192 2887 RigeroSenonensi).1
1236 2801 1406 2866 Monemus
1435 2801 1551 2866 frater-

272 2907 408 2971 nitatem
431 2912 532 2988 tuam,
556 2913 594 2971 ut
615 2913 745 2990 regem2
768 2911 801 2971 et
823 2907 985 2991 principes
1004 2907 1207 2972 Francorum
1231 2909 1419 2990 alloquaris
1444 2912 1551 2992 quati-

273 3034 333 3078 nus
357 3035 469 3078 eorum
491 3015 638 3097 potentia
667 3014 708 3078 ab
736 3015 902 3078 invasione
932 3020 1042 3078 sancte
1067 3012 1275 3079 Oarnotensis
1304 3015 1460 3081 aecclesie
1483 3019 1551 3100 epi·
1643 2997 1644 3013 ¹

273 3141 389 3204 scopus
423 3121 548 3185 dictus³
580 3128 763 3205 separetur;
801 3121 888 3204 quod
921 3121 948 3184 si
981 3120 1120 3185 fortasse
1157 3121 1199 3185 ad
1230 3121 1292 3186 hoc
1319 3124 1551 3206 exequendum

271 3227 377 3291 minus
401 3229 591 3310 exarserint,
615 3250 680 3293 non
704 3228 808 3294 solum
832 3229 1038 3311 episcopatus
1061 3229 1120 3310 tui,
1144 3249 1254 3292 verum
1274 3231 1373 3294 etiam
1392 3229 1550 3313 suffraga-

272 3346 422 3399 neorum⁰
453 3341 585 3401 tuorum
619 3336 844 3420 episcoporum
877 3335 1002 3399 clericis
1035 3335 1266 3417 cuiuscumque
1299 3336 1422 3402 ordinis
1454 3359 1550 3402 omne
1642 3369 1643 3438 ἶ

273 3439 416 3505 divinum
450 3441 593 3508 officium
624 3447 734 3525 preter
765 3440 964 3524 baptismum
997 3447 1030 3506 et
1061 3441 1338 3524 consignationem
1373 3465 1550 3527 puerorum
1642 3443 1643 3469 ¹

271 3547 464 3613 interdicere
486 3571 551 3614 non
564 3548 716 3614 differas.

359 3771 372 3794 ⁸
389 3770 465 3815 omisit
484 3768 508 3816 2.
581 3765 702 3814 bsanctis
721 3766 783 3815 viris
807 3769 877 3814 addc
895 3767 919 3814 2.
996 3765 1176 3814 ⁰Benevalete
1194 3768 1263 3814 addit
1281 3768 1305 3815 2.
1342 3769 1372 3814 In
1392 3770 1404 3817 1
1424 3779 1550 3830 apamiam
1641 3815 1642 3828 ,

270 3857 340 3904 certo
357 3859 425 3904 inae:
447 3856 593 3905 Alexander
611 3856 742 3918 episcopus
760 3869 847 3904 servu·
865 3869 994 3902 servorum
1012 3854 1053 3903 dei
1071 3853 1204 3903 karissimo
1222 3854 1295 3903 fratri
1314 3855 1453 3920 R(icherio)
1472 3858 1548 3906 Seno·

270 3945 341 3992 nansi
360 3945 546 4008 archiepiscopo
564 3945 611 3994 heo
629 3945 716 3994 eadem
735 3959 812 4007 super
834 3944 882 3992 boo
904 3943 1040 4006 negotium.
1060 3973 1094 3980 —
1112 3943 1259 3992 Alexander
1281 3959 1321 4006 ep.
1341 3949 1387 3995 etc.
1407 3947 1548 4010 M(aurilio)

270 4034 464 4097 Rothomagensi
484 4034 671 4097 archiepiscopo
695 4034 741 4083 hec
765 4033 851 4082 eadem
870 4047 947 4095 super
965 4033 1012 4081 hoc
1030 4031 1136 4096 negotio.
1201 4027 1265 4082 dar'c
1283 4036 1335 4082 cod.
1401 4036 1548 4097 sauuage

270 4137 373 4172 neotum
391 4141 412 4172 0.

343 4245 526 4315 1·Epistolam
544 4245 617 4300 hanc
635 4244 684 4298 uni
703 4243 754 4299 soli
772 4242 978 4314 archiepiscopo
996 4241 1158 4313 inscriptam
1177 4243 1276 4310 sivisse,
1294 4249 1373 4314 patet
1390 4261 1425 4300 ex
1443 4245 1547 4302 verbis:
1640 4241 1641 4254 ¹

271 4333 491 4401 „fraternitatem
509 4339 615 4400 tuam,
634 4332 810 4404 episcopatus
828 4332 902 4387 tui“
921 4321 976 4397 cet}
996 4330 1045 4386 sed
1059 4348 1123 4385 eum
1142 4331 1284 4409 aparibus
1298 4332 1382 4386 etiam
1394 4332 1547 4389 Sunonensi

270 4423 374 4494 scripta
391 4429 472 4490 esset,
490 4424 523 4490 is,
546 4422 594 4493 qui
612 4421 802 4478 collectionem
822 4421 1011 4476 Britannicam
1029 4421 1198 4491 composuit,
1223 4437 1300 4476 more
1317 4421 1394 4476 haud
1412 4422 1548 4478 inusitato

269 4512 340 4566 duas
358 4512 490 4582 epistolas
508 4512 660 4566 coniunxit.
694 4511 736 4566 ef.
755 4510 853 4565 Evvald
876 4510 907 4564 in
925 4511 1019 4566 Neues
1037 4510 1140 4566 Archiv
1158 4510 1194 4564 V.
1205 4512 1258 4564 334
1275 4529 1303 4566 n.
1313 4513 1338 4565 5.
1414 4512 1547 4583 *Philip
1639 4531 1640 4546 ¹

269 4617 346 4671 pum.
420 4601 430 4630 ⁸
449 4600 635 4672 Hildegarius.
