3284 5184
458 335 634 390 Onuunsrrs
652 349 689 390 111
708 349 875 390 urrsronsn
893 337 945 392 393
1272 321 1332 384 241

75 501 122 577 tes,
143 497 220 562 ordo
242 496 312 579 ipse
335 503 373 562 ut
396 496 540 562 creditur
562 497 738 562 miserante
757 498 898 562 Domino
921 497 1098 581 respirabit
1122 502 1155 562 et
1177 497 1336 580 tranquil·
1356 497 1517 558 11881111.

74 603 124 668 lior
144 605 204 668 erit
227 608 259 668 et
283 603 402 668 clarior
433 603 467 666 in
499 624 538 669 eo
571 602 610 667 de
633 604 820 669 turbatione
848 604 1022 685 serenitas,
1056 625 1129 668 cum
1152 604 1240 668 velut
1262 605 1336 686 igne

74 709 276 776 tribulationis
316 715 467 774 excoctus
499 709 665 794 luci(di0re
704 711 864 796 0101111010
903 709 1040 792 fulgebit
1079 710 1185 776 factus
1223 711 1338 776 fortior

73 823 133 898 post
152 818 289 881 ruinam.
336 817 497 882 Malorum
524 837 665 899 namque
689 818 918 900 experimentis
943 822 975 881 et
999 817 1088 881 duris
1112 838 1220 881 rerum
1244 839 1337 882 even-

73 923 145 988 tibus
166 944 258 987 mens
281 923 424 988 humana
443 923 578 988 docetur
600 922 719 987 futuris
738 923 890 1007 perieulis
914 923 1101 1009 (ob)vi(are).
1143 922 1190 988 Te
1213 925 1336 1006 itaque,

74 1029 173 1094 dilecte
196 1031 232 1093 in
255 1027 383 1095 Christo
406 1028 464 1112 fili,
487 1051 665 1111 monemus,
697 1052 849 1113 rogamus
873 1031 1030 1094 attentius
1054 1034 1087 1094 et
1117 1031 1151 1093 in
1174 1031 1336 1095 remissio-

73 1157 131 1199 nem
160 1136 359 1218 iniungimus
390 1141 613 1219 peccatorum,
653 1137 805 1218 quatinus
836 1142 971 1220 propter
1006 1136 1192 1202 huiusmodi
1225 1158 1337 1201 casum

73 1242 185 1306 solitam
219 1243 390 1327 (praedicti
413 1243 545 1329 o)rdinis
578 1241 735 1308 fratribus
767 1244 908 1325 gratiam
939 1265 1004 1308 non
1028 1242 1172 1325 elonges,
1206 1265 1265 1308 nec
1289 1243 1335 1307 eis

72 1347 198 1413 savorem
222 1355 315 1412 tuum
343 1355 400 1415 aut
431 1349 623 1414 elemosinas
652 1350 800 1414 caritatis
830 1347 1004 1414 subtrahas
1038 1355 1200 1415 consuete.
1248 1347 1336 1431 Quos
1371 1391 1373 1397 ·

72 1461 147 1520 tanto
169 1439 313 1520 humano
336 1455 505 1540 bene(ficio
530 1456 678 1519 duximus
699 1456 883 1542 digtniores,
908 1461 1040 1538 quanto,
1065 1458 1206 1540 graviori
1233 1457 1337 1521 tribu-

70 1558 175 1626 latione
200 1563 360 1644 concussi,
385 1583 423 1628 eo
447 1562 585 1645 amplius
610 1562 754 1644 indigere
777 1567 965 1627 noscuntur.
1012 1561 1095 1627 Nam
1119 1561 1250 1642 afflictis
1273 1586 1337 1629 non

72 1673 109 1730 est
129 1667 292 1732 ullatenus
316 1667 472 1754 af(fli)ctio
496 1669 674 1750 ingerenda
697 1668 748 1733 vel
766 1667 1013 1752 multiplicanda
1032 1669 1213 1752 calamitas,
1237 1671 1336 1735 immo

71 1775 162 1853 potius
195 1780 247 1839 est
280 1774 436 1838 auxilium
468 1781 501 1839 et
532 1775 747 1839 humanitatis
777 1774 955 1840 consolatio
982 1775 1166 1840 tribuenda.
1213 1775 1336 1841 Datum

71 1877 210 1944 Laterani
236 1930 243 1944 .
265 1928 272 1943 .
295 1929 301 1944 .
325 1863 493 1945 Kalendas
516 1881 602 1962 Iulii,
627 1880 836 1966 pontificatus
860 1882 963 1946 nostri
988 1904 1072 1946 anno
1095 1883 1211 1966 primo.

142 1992 179 2050 Ia
202 1993 291 2050 dorso
314 1993 480 2051 litterarum
506 1995 679 2052 clausuram
708 1995 808 2052 ecdem
834 2012 930 2052 mana
956 1994 1100 2068 00191100
1128 1999 1185 2052 est:
1217 1985 1335 2053 'Nobili

71 2091 124 2158 viro
145 2094 257 2158 comiti
279 2093 319 2158 a.
346 2093 385 2158 de
408 2093 563 2158 Alvernia
585 2117 645 2177 pro
669 2094 826 2160 fratribus
851 2095 1106 2162 Grandimontis.

71 2429 140 2498 393.
168 2435 306 2494 Clemens
332 2433 384 2494 ΠΙ
410 2435 538 2495 Hearteo
569 2437 751 2498 Bc'tum'oeost'
782 2440 816 2498 de
842 2439 1007 2514 9001001110
1041 2437 1193 2496 canocicis
1224 2439 1334 2510 00111111,

163 2542 220 2618 qaa'
242 2543 487 2603 manaucate
509 2543 552 2602 ool
573 2545 721 2605 interdicti
743 2546 846 2605 (110100
869 2545 971 2622 offlctc
993 2544 1140 2603 celebrant.

276 2659 349 2715 Bibl.
368 2667 425 2718 nat.
444 2661 530 2717 Paris.
550 2663 621 2718 Coll.
640 2663 744 2718 Baluze
765 2665 806 2719 79.
835 2664 882 2720 fol.
904 2664 963 2718 183.
992 2681 1013 2718 s.
1032 2676 1112 2718 xvn.

142 2820 292 2886 Clemens
316 2823 485 2906 episcopus
510 2843 619 2887 servus
644 2845 810 2888 servorum
832 2824 895 2888 Dei
922 2823 1101 2888 venerabili
1130 2821 1224 2887 fratri
1247 2822 1334 2887 Hen-
1373 2836 1457 2894 1188

69 2926 122 2991 rico
152 2927 397 3012 archiepiscopo
406 2933 427 3011 1,
462 2930 679 3012 Aquitaniae·
695 2931 842 3014 primati,
881 2930 1020 2995 salutem
1053 2936 1086 2994 et
1122 2929 1335 3011 apostolicam
1353 2924 1474 2985 Iul·12·

69 3029 321 3100 benedictionem.
369 3034 593 3118 Significatum
626 3043 676 3101 est
702 3037 811 3118 nobis,
845 3037 932 3119 quod
956 3037 1065 3101 clerici
1092 3041 1168 3100 tuae
1198 3036 1334 3100 diocesis

69 3145 128 3216 post
152 3141 257 3205 latam
279 3142 313 3204 in
341 3162 376 3206 se
402 3143 568 3207 interdicti
596 3143 647 3208 vel
677 3144 1018 3209 excommunicationis
1046 3144 1242 3207 sententiam
1266 3142 1335 3208 offi-

69 3243 108 3308 cia
137 3247 247 3311 divina
276 3247 338 3312 Dei
370 3249 486 3314 timore
518 3249 665 3332 neglecto
701 3255 734 3312 et
766 3249 969 3314 obedientiae
1002 3249 1122 3313 virtute
1152 3250 1335 3331 postposita

69 3351 219 3418 celebrare
241 3361 463 3436 praesumunt.
511 3353 673 3437 Quoniam
698 3377 774 3438 ergo
797 3362 909 3420 tantae
932 3356 1206 3439 praesumptionis
1235 3355 1335 3419 auda-

68 3455 137 3522 ciam
158 3483 225 3526 non
248 3461 341 3525 nobis
365 3461 399 3525 in
426 3461 676 3526 mansuetudine
710 3462 772 3527 olei
796 3462 853 3526 sed
880 3463 915 3525 in
943 3463 1135 3526 austeritate
1158 3463 1225 3526 vini
1247 3462 1334 3526 uide·
1439 3473 1443 3483 '

68 3565 110 3624 tur
130 3567 300 3648 agendum,
324 3568 550 3650 praesentibus
574 3569 635 3633 tibi
660 3568 779 3632 litteris
803 3568 1017 3650 indulgemus,
1042 3574 1079 3631 ut
1101 3589 1258 3652 personas
1283 3590 1335 3634 eo-

68 3687 134 3752 rum,
159 3674 214 3755 qui
238 3679 313 3756 post
337 3676 531 3738 sententiam
551 3676 707 3739 canonice
726 3674 828 3739 latam
846 3674 907 3740 hoc
926 3680 1089 3739 attentare
1109 3696 1335 3760 praesumpse-

68 3773 129 3856 rint,
152 3780 194 3843 ad
217 3780 458 3863 reprimendum
481 3781 724 3846 inobedientiae
747 3783 862 3846 vitium
882 3783 950 3845 sine
969 3781 1113 3846 laesione
1133 3803 1172 3845 ac
1190 3782 1335 3866 periculo

69 3877 218 3964 diligenti⁸
250 3887 417 3952 custodiae
445 3887 653 3971 mancipandi
681 3887 732 3952 vel
754 3889 789 3951 in
811 3889 1010 3952 monasteria
1037 3887 1227 3952 retrudendi
1254 3887 1333 3953 libe-

67 4005 124 4051 ram
145 3991 267 4056 habeas
300 3995 475 4058 autoritate
509 3993 689 4077 apostolica
721 3994 920 4076 facultatem,
949 4001 987 4059 ut
1008 3996 1072 4078 ipsi
1096 3995 1212 4059 saltem
1241 3995 1334 4058 inviti

68 4095 140 4158 trahi
162 4097 303 4164 debeant
325 4101 367 4164 ad
391 4101 531 4165 salutem
554 4107 587 4164 et
610 4101 667 4165 alii
692 4101 839 4183 exemplo
866 4122 978 4165 eornm
996 4101 1127 4185 impune
1152 4101 1214 4165 sibi
1236 4100 1334 4165 licere

68 4217 119 4262 non
141 4203 274 4269 credant
299 4207 522 4272 inobedientes
555 4208 713 4291 praelatis
744 4208 884 4272 existere
912 4213 970 4271 aut
998 4207 1238 4271 ecclesiasticae
1263 4229 1334 4271 sen-

68 4308 176 4374 tentiae
199 4314 369 4377 contraire.
416 4313 539 4378 Datum
566 4313 723 4378 Laterani
752 4320 868 4397 quarto
897 4313 975 4378 Idus
1003 4313 1093 4395 Iulii,
1124 4312 1334 4398 pontificatus

68 4417 156 4478 nostri
179 4439 262 4483 anno
286 4420 401 4502 primo.

143 4563 297 4626 'diligentis
316 4584 335 4614 c.

134 4658 154 4694 ‘¹
172 4663 344 4722 Bituricensi.

110 4768 285 4826 Lolwltnrm,
304 4776 380 4827 Epist.
396 4776 461 4818 Pout.
477 4777 543 4818 Rom.
