3284 5184
271 257 335 319 236
688 269 814 323 Ursam
833 282 868 321 111
887 279 1054 321 amsroma
1073 267 1124 321 387

96 426 250 488 1186-87
271 430 330 495 filii
353 430 457 496 nostri
479 429 569 512 prior
596 433 629 492 et
656 426 806 493 monachi
834 426 874 491 de
897 425 1099 491 Villafranca
1123 449 1217 490 suam
1241 426 1283 490 ad
1305 448 1364 491 nos
1393 425 1566 508 querimo-

113 517 171 575 IUl·
184 519 234 578 3⁰·
271 538 360 601 niam
388 537 653 616 transmiserunt,
688 533 784 616 quod,
819 554 891 597 cum
923 534 1009 596 inter
1032 534 1120 616 ipsos
1152 539 1185 597 et
1213 534 1355 616 priorem
1383 531 1567 596 demente

272 642 435 707 Feberro⁵
468 642 507 705 de
541 641 684 724 quadam
715 640 865 721 ecclesia,
900 661 998 722 quam
1029 640 1116 704 idem
1144 639 1234 722 prior
1261 639 1371 703 iuxtab
1398 639 1566 703 terminos

271 749 464 832 parrochiae
488 748 729 813 monachorum
759 747 904 830 ipsorum
934 752 1047 811 contra
1075 739 1458 829 privilegia'monasterii
1483 744 1567 809 Clu-

272 856 445 936 niaoensis,
470 855 512 918 ad
536 853 623 937 quod
647 854 760 918 eadem
785 853 923 918 ecclesia
947 857 1088 936 spectat,
1113 852 1241 917 indulta
1264 853 1486 916 construxisse
1513 851 1567 914 di-

274 968 393 1049 catur0,
427 982 524 1044 super
557 961 694 1026 ecclesia
718 979 847 1043 quoque
876 959 915 1023 de
939 959 1044 1024 Perex
1074 965 1107 1023 et
1135 960 1208 1024 aliis
1231 958 1380 1043 pluribus
1404 957 1566 1041 capitulis

274 1069 494 1133 controversia
525 1072 720 1148 verteretur,
749 1065 944 1131 venerabilis
973 1065 1075 1130 frater
1102 1072 1213 1132 noster
1239 1065 1460 1131 Astoricensis
1492 1065 1566 1148 epi-

275 1178 411 1258 scopus1
443 1175 476 1237 in
507 1174 605 1239 verbo
637 1174 784 1237 veritatis
818 1177 851 1236 et
882 1173 916 1235 in
949 1174 1058 1237 osculo
1091 1174 1183 1256 pacis
1212 1171 1360 1256 praefato
1387 1171 1491 1255 priori
1522 1171 1566 1234 de

273 1280 475 1346 Villafranca
492 1280 653 1364 promisit,
678 1279 765 1361 quod
784 1279 889 1362 ipsam
909 1279 1079 1343 ecclesiam
1098 1280 1231 1343 minime
1255 1278 1430 1359 dedicaret,
1456 1277 1566 1342 donec

275 1389 404 1470 questio
436 1391 525 1452 mota
556 1385 655 1450 finem
688 1385 833 1450 debitum
863 1385 975 1450 ordine
1003 1385 1174 1450 iudiciario
1207 1387 1387 1450 sortiretur.
1434 1382 1566 1448 Verum

274 1495 361 1559 idem
385 1495 555 1577 episcopus
580 1513 658 1556 suae
686 1491 891 1576 postmodum
922 1493 1146 1575 promissionis
1178 1491 1313 1572 oblitus,
1346 1489 1484 1555 eandem
1510 1511 1565 1554 ec·

275 1602 408 1678 alesiam
430 1622 496 1665 non
519 1600 589 1663 sine
613 1599 821 1681 derogatione
846 1619 924 1662 suae
949 1598 1116 1681 dignitatis
1137 1604 1170 1662 et
1187 1598 1338 1679 nominis,
1362 1595 1447 1661 iamd
1473 1596 1565 1661 dicto

274 1708 382 1791 priore
407 1707 446 1771 de
470 1705 672 1770 Villafranca
703 1706 803 1769 invito
836 1711 868 1768 et
901 1705 943 1769 ad
975 1705 1085 1769 sedem
1117 1705 1333 1788 apostolicam
1360 1703 1564 1786 appellante,

275 1819 434 1879 nocturno
457 1819 603 1896 tempore
628 1811 789 1875 dedicavit
809 1816 841 1874 et
861 1833 977 1894 corpus
1003 1811 1173 1875 cuiusdam
1197 1809 1341 1874 defuncti
1363 1811 1397 1874 in
1421 1811 1492 1875 eius
1519 1810 1565 1872 ci·

275 1921 404 1986 miterio
436 1920 598 2003 sepelivit,
629 1924 667 1982 ut
695 1939 734 1981 ex
756 1917 817 1983 hoe
840 1918 891 1981 ius
915 1917 1118 2000 parrochiale
1144 1916 1206 1981 sibi
1233 1917 1353 1981 certius
1385 1921 1498 2000 posset
1529 1917 1566 1979 in

275 2033 442 2110 posterum
464 2026 645 2090 vendicare.
691 2023 785 2088 Licet
818 2030 927 2088 autem
962 2024 1001 2088 de
1033 2024 1129 2089 huius
1159 2025 1353 2088 enormitate
1380 2022 1461 2086 facti
1488 2022 1564 2105 plu-

275 2135 360 2197 rium
391 2154 604 2216 personarum
636 2131 764 2195 litteras
794 2132 1026 2213 receperimus,
1061 2130 1179 2212 quibus
1202 2129 1282 2194 fides
1311 2135 1361 2194 est
1392 2130 1426 2193 in
1458 2129 1564 2193 maio·

276 2239 367 2304 ribus
391 2238 590 2319 adhibenda,
625 2238 702 2320 quia
732 2244 843 2301 tamen
866 2238 959 2319 plene
983 2237 1077 2302 nobis
1102 2237 1142 2300 de
1165 2237 1303 2301 veritate
1326 2259 1391 2301 non
1419 2241 1562 2316 constat,

278 2347 494 2428 cognitionem
518 2351 551 2410 et
574 2331 807 2409 correctionem
830 2343 925 2406 huius
949 2345 997 2408 rei
1020 2349 1149 2407 vestrae
1173 2343 1360 2408 discretioni
1384 2343 1563 2408 committi-

277 2475 349 2516 mus
372 2473 431 2535 per
454 2452 634 2534 apostolica
658 2451 779 2533 scripta
803 2450 1010 2531 mandanteS,
1043 2456 1204 2532 quatenus
1227 2450 1385 2532 inquisita
1407 2469 1563 2532 praeseu-

277 2559 366 2624 tibus
388 2558 538 2643 partibus
561 2557 709 2637 veritate,
730 2557 757 2620 si
781 2557 921 2620 remita
945 2577 979 2620 se
1002 2555 1123 2620 habere
1148 2557 1346 2637 constiterit,
1372 2557 1561 2639 campanas

278 2687 362 2747 quae
386 2666 419 2728 in
442 2666 514 2747 ipsa
538 2664 675 2728 ecclesia
701 2662 853 2727 dicuntur
881 2662 920 2726 de
943 2685 1025 2728 novo
1050 2683 1241 2746 suspensae,
1267 2661 1395 2726 faciatis
1419 2663 1562 2727 auctori-

277 2777 346 2836 tate
369 2776 482 2835 nostra
504 2771 679 2834 interram
698 2769 816 2852 deponi
835 2775 868 2833 et
887 2767 983 2834 effodi
1002 2791 1119 2852 corpus
1138 2769 1236 2850 illius,
1264 2762 1320 2851 qui
1344 2769 1431 2852 apud
1453 2770 1562 2852 ipsam

277 2877 448 2942 ecclesiam
477 2876 539 2941 fuit
570 2877 712 2940 traditus
745 2875 926 2958 sepulture,
959 2881 992 2939 et
1023 2876 1056 2938 in
1081 2874 1195 2940 eadem
1219 2875 1357 2939 ecclesia
1386 2896 1490 2957 usque
1519 2876 1562 2939 ad

278 2984 476 3048 decisionem
513 3003 630 3046 causae
664 2983 772 3048 omnia
811 2982 920 3045 divina
955 2981 1157 3065 prohibeatis
1196 2979 1303 3046 officia
1336 2981 1495 3045 celebrari
1529 2989 1562 3046 et

278 3090 416 3155 eundem
449 3090 635 3173 episcopum
662 3089 701 3154 de
729 3089 987 3171 transgressione
1015 3109 1092 3152 suae
1119 3089 1343 3171 promissionis
1372 3091 1405 3151 et
1427 3086 1504 3152 fidei
1528 3096 1562 3152 et

276 3220 336 3281 pro
354 3219 402 3279 eo,
428 3196 515 3279 quod
533 3196 745 3279 appellationi
762 3219 828 3260 non
847 3195 973 3276 detulit,
995 3195 1176 3277 corrigatis,
1204 3194 1287 3257 sicut
1306 3214 1380 3258 eum
1403 3193 1443 3258 de
1465 3195 1561 3258 insti-

277 3304 403 3368 tutione
419 3303 574 3368 canouica
590 3303 736 3367 videritis
752 3301 987 3384 corrigendum.
1026 3300 1236 3366 Aimardum⁸
1260 3321 1389 3383 quoque
1409 3306 1442 3363 et
1466 3300 1560 3382 alios,

279 3411 334 3492 qui
357 3415 431 3492 post
455 3409 797 3474 excommunicationis
821 3409 1016 3472 seutentiam
1040 3429 1060 3471 a
1084 3407 1256 3472 diocesano
1281 3407 1432 3490 episcopo
1460 3407 1561 3471 inter-

277 3517 419 3600 positam
442 3515 551 3580 divina
575 3517 715 3580 scienter
738 3515 920 3580 celebrasse
949 3515 983 3577 in
1014 3514 1128 3578 eadem
1159 3512 1296 3577 ecclesia
1322 3514 1561 3596 perhibenturs,

279 3622 499 3688 ecclesiastica
523 3624 685 3686 sententia
707 3622 903 3705 percellatis.
951 3620 986 3686 Si
1015 3622 1070 3702 qui
1100 3625 1209 3684 autem
1232 3620 1324 3685 vobis
1347 3621 1561 3700 restiterincs,

279 3729 451 3811 quominus
467 3729 659 3792 mandatum
673 3735 820 3793 nostrum
835 3729 938 3794 libere
957 3727 1136 3810 adimplere
1155 3727 1298 3809 possitis,
1322 3727 1355 3789 in
1375 3748 1429 3792 eos
1449 3733 1561 3792 aucto·
1627 3767 1628 3780 κ

266 3819 377 3900 'ritate
409 3840 521 3899 nostra
559 3835 814 3899 ecclesiasticam
847 3834 1042 3898 senteutiam
1073 3832 1261 3916 proferatis,
1300 3854 1398 3915 quam
1431 3831 1561 3897 faciatis

277 3963 381 4025 usque
414 3941 456 4006 ad
487 3941 619 4023 dignam
652 3941 909 4006 satisfactionem
938 3939 1170 4005 inviolabiliter
1203 3939 1383 4020 observari,
1417 3945 1450 4003 et
1479 3939 1561 4004 haec

278 4049 388 4114 omnia
422 4047 678 4113 contradictione
711 4053 743 4112 et
776 4047 994 4131 appellatione
1032 4052 1180 4111 cessante
1213 4044 1342 4110 effectui
1373 4046 1561 4130 mancipare

367 4234 380 4258 ⁸
397 4232 534 4278 marabertus
543 4231 572 4277 de
581 4232 673 4291 Barioe,
689 4232 803 4291 quidone
816 4231 938 4290 epistolem
952 4231 1081 4289 desmapcd,
1100 4236 1210 4276 annotat:
1227 4227 1297 4276 Dans
1310 4227 1440 4290 beaucoup
1450 4227 1561 4275 d'uutres
1627 4281 1628 4300 Χ

255 4361 256 4364 ,
279 4318 362 4367 titres:
381 4318 526 4379 Zebruario,
546 4318 570 4367 le
584 4322 655 4367 mont
668 4319 700 4367 de
709 4318 796 4367 Zebre.
850 4313 977 4367 biustae.
1033 4321 1043 4344 ⁰
1062 4316 1210 4365 dicunturc.
1265 4312 1377 4366 “tuma
1430 4316 1560 4384 f'Aimur·

279 4406 327 4454 dus
345 4425 365 4456 c.
437 4402 497 4455 fsr‘c
514 4410 563 4455 sim
582 4409 651 4457 dudio
670 4410 790 4468 legendum
807 4416 840 4455 eet
853 4424 900 4468 pro
925 4405 1093 4469 prohibentur
1110 4423 1130 4456 c.
1213 4409 1226 4441 Β
1245 4405 1382 4454 restiterint
1405 4408 1465 4454 inter
1488 4422 1561 4454 uncos

278 4497 409 4556 appositam
426 4505 466 4545 est.

368 4598 380 4627 ¹
399 4575 586 4652 Ferdinaudo.
