3336 5184
459 310 625 364 Hanaraur
643 323 678 365 1v
696 323 864 364 massonae
884 310 943 365 226.
965 309 1015 362 227
1307 293 1369 355 123

97 472 179 538 226.
204 474 379 533 Hadrc'craus
401 474 451 532 IV
467 474 607 550 episcopis
630 475 838 547 ruminatae,
870 475 989 534 Siciliae
1009 474 1047 549 (ἓ)
1077 479 1102 532 ct
1124 473 1247 548 Anglioc
1273 473 1307 532 dc
1328 473 1370 532 eis

205 580 318 654 scribit,
351 581 404 656 qai
434 581 564 640 corbeiae
593 581 637 640 ccl
666 581 855 640 mcbsiostica
886 581 1023 657 beneficio
1054 598 1073 638 o
1105 581 1188 638 luicis
1219 580 1370 656 cambiunt.

204 687 276 744 Alio
298 687 385 745 ocidit.

260 786 332 842 Bibl.
351 793 406 842 net
426 787 513 842 Paris.
532 806 583 844 ms.
602 788 649 844 lat.
671 789 758 844 16992
777 788 824 843 fol.
846 789 905 844 123.
937 787 1053 858 Scripsit
1070 787 1204 844 Murteae.

179 946 346 1012 Adrianus
369 969 455 1030 papa
478 953 623 1030 quartus.
671 946 828 1013 Omnibus
860 949 1019 1031 episcopis
1045 969 1104 1030 per
1130 947 1367 1030 Alemanniam,
1409 967 1493 1028 1156

91 1053 239 1118 Siciliam
261 1059 295 1117 et
316 1053 466 1136 Angliam
497 1056 682 1120 constitutis
697 1055 844 1128 salutem
868 1061 901 1119 et
932 1055 1143 1137 apostolicam
1171 1054 1367 1120 benedictio·
1385 1057 1470 1117 Febr.
1482 1058 1510 1116 5.

89 1266 236 1348 Dominov
264 1266 442 1331 residentes
476 1267 517 1331 ad
549 1268 733 1332 universum
765 1290 881 1352 corpus
912 1268 1068 1332 ecclesiae
1090 1272 1221 1332 nostrae
1251 1269 1349 1332 ment'

90 1374 195 1437 aciem
215 1372 369 1437 debemus
389 1374 571 1456 extendere,
596 1381 628 1438 et
650 1396 733 1456 quae
752 1373 798 1438 ibi
818 1379 932 1440 contra
954 1374 1090 1440 rationis
1115 1373 1260 1438 ordinem
1284 1394 1368 1438 com-

89 1480 275 1560 mittuntur,
300 1485 428 1563 oportet
450 1502 508 1544 nos
534 1481 575 1544 ad
600 1485 721 1544 statum
745 1481 950 1545 rectitudinis
973 1501 1134 1545 revocare.
1172 1479 1266 1546 Unde
1290 1503 1367 1563 quo-

90 1587 179 1650 niam
210 1586 246 1648 in
277 1586 425 1669 partibus
457 1587 572 1650 vestris
606 1587 764 1669 quosdam
796 1588 948 1652 vitiorum
982 1592 1089 1652 sentos
1123 1607 1307 1651 excrescere
1336 1592 1369 1651 et

90 1692 184 1774 plura
218 1693 342 1756 semina
372 1692 543 1774 pravitatis
576 1695 781 1776 cognovimus
814 1693 989 1776 pullulare,
1022 1693 1243 1776 praesentium
1276 1693 1367 1758 robis

90 1800 309 1864 insinuatione
327 1798 485 1880 iubemus,
510 1799 596 1881 quod
620 1821 684 1880 eos,
709 1800 765 1883 qui
784 1799 907 1883 absque
931 1800 981 1863 sui
1009 1799 1151 1882 episcopi
1175 1800 1367 1873 auctoritate

90 1925 147 1986 per
169 1926 286 1968 manus
309 1905 409 1969 laicas
429 1905 582 1970 ecclesias
610 1912 643 1970 et
662 1906 883 1971 ecelesiastica
902 1905 1059 1971 beneficia
1077 1905 1204 1988 ingredi
1222 1927 1286 1969 non
1304 1904 1367 1969 for-

89 2010 225 2091 midant,
257 2031 311 2076 eos
334 2011 443 2092 etiam,
469 2012 524 2094 qui
548 2012 589 2076 ad
614 2013 799 2077 evitandam
827 2013 1059 2077 correctionem
1083 2011 1125 2074 ad
1149 2013 1270 2076 saeculi
1294 2033 1366 2076 oon.

90 2115 218 2198 fugiunt
239 2121 426 2210 potestates,
451 2124 482 2181 et
505 2118 659 2182 adversus
684 2120 895 2184 ecclesiarum
918 2120 1083 2201 praelatos
1111 2119 1367 2200 indignationem

90 2224 237 2286 nituntur
260 2225 439 2305 potentium
461 2241 647 2307 provocare,
671 2225 734 2289 nisi
754 2225 796 2290 ab
819 2225 870 2289 his
889 2225 1147 2308 malignitatibus
1166 2228 1257 2289 iuxta
1281 2245 1365 2289 com-

89 2330 317 2394 monitionemb
349 2334 493 2394 nostram
529 2331 679 2396 duxerint
711 2332 839 2397 omnino
873 2332 1114 2414 abstinendum,
1149 2331 1365 2396 anathematis

89 2436 235 2517 nexibus²
260 2437 348 2501 omni
369 2437 575 2502 excusatione
599 2438 756 2521 deposita,
780 2438 940 2503 innodetis
965 2445 998 2503 et
1015 2441 1103 2522 ipsos
1122 2445 1289 2520 tamquam
1313 2458 1365 2501 ex-

88 2543 341 2608 communicatos
365 2548 398 2607 et
416 2565 436 2606 a
455 2541 576 2608 Christi
593 2566 736 2627 corpore,
757 2546 842 2628 quod
863 2546 1039 2610 simoniaca
1057 2545 1185 2609 haeresi
1208 2549 1365 2626 quantum

86 2649 120 2711 in
141 2661 231 2713 ....⁰
255 2655 304 2713 est
326 2649 467 2730 poluisse
491 2656 677 2733 noscuntur,
707 2675 766 2734 pro
790 2658 884 2716 tanta
906 2653 1073 2735 impietate
1095 2650 1260 2734 praecisos
1283 2655 1365 2713 tam-

87 2755 143 2818 diu
165 2754 295 2818 faciatis
319 2755 360 2819 ab
384 2756 532 2822 omnibns
557 2758 681 2839 evitari,
706 2780 873 2841 quousque
894 2759 933 2823 de
952 2764 1008 2830 tot.
1021 2757 1205 2822 excessibus
1232 2756 1365 2839 petituri

87 2883 180 2925 suam
211 2860 364 2926 studeant
392 2863 486 2928 nobis
518 2866 738 2947 praesentiam
773 2865 933 2930 exhibere.
981 2864 1033 2928 Ad
1065 2864 1145 2928 haec
1176 2864 1364 2928 adiicientes

87 2967 146 3032 sub
171 2967 389 3032 anathematis
412 2969 676 3035 interminatione
696 2973 879 3052 statuimus,
904 2992 944 3034 ne
968 2972 1002 3034 in
1025 2976 1093 3035 toto
1117 2990 1215 3052 regno
1234 2968 1364 3033 benedi-

87 3081 180 3138 catur
204 3073 321 3155 aliquis
343 3075 378 3138 in
401 3074 554 3140 abbatem
579 3077 692 3140 autin
715 3077 903 3161 episcopum
922 3082 1142 3166 consecretur,
1170 3077 1233 3139 nisi
1257 3097 1277 3139 a
1299 3074 1363 3138 fra-

86 3180 191 3244 tribus
215 3181 249 3242 in
273 3179 409 3244 ecclesia
438 3181 541 3247 libere
573 3189 606 3247 et
633 3183 760 3266 absque
792 3184 1050 3248 denominatione
1078 3183 1180 3246 laicae
1210 3183 1252 3245 sit
1274 3185 1363 3264 pote-

86 3288 182 3351 statis
206 3287 328 3351 electus
352 3293 384 3350 et
407 3287 520 3353 electio
546 3289 618 3372 ipsa
637 3291 822 3354 examinata
841 3290 995 3355 canonice
1015 3290 1057 3353 sit
1076 3293 1109 3352 et
1127 3287 1364 3355 rationabiliter

85 3392 277 3476 approbata.
324 3392 446 3457 Datum
469 3394 652 3461 Beneventi
673 3395 774 3461 Nonis
798 3395 981 3461 Februarii.

82 3662 168 3728 227.
197 3663 373 3722 Hadriacas
395 3665 415 3722 I
418 3664 445 3721 V
471 3666 587 3726 Hillioo
619 3668 832 3744 archiepiscopo
869 3668 1030 3749 licoircosi
1065 3647 1189 3743 aliisque
1222 3666 1363 3741 episcopis

196 3769 327 3842 conridet,
349 3769 501 3831 hortentur
519 3773 572 3831 sach
591 3774 903 3833 excommunicationis
923 3793 1021 3850 poeno
1038 3775 1172 3834 comitem
1191 3774 1361 3844 Borccscm,

195 3881 231 3934 at
252 3875 377 3952 injuriis
399 3877 433 3936 ia
456 3881 671 3939 monasterirum
697 3881 726 3940 S.
750 3880 900 3939 Michaelis
922 3881 1047 3940 desistat.

396 3995 467 4050 Bibl.
485 4001 542 4052 nat.
562 3998 648 4052 Paris.
668 3997 737 4054 0011.
757 4001 874 4055 Moreau
892 4001 925 4054 67
945 3999 992 4054 fol.
1012 4001 1054 4055 90.

172 4153 339 4219 Adrianus
366 4157 536 4239 episcopus
568 4179 677 4223 servus
710 4181 875 4225 servorum
898 4161 960 4224 Dei
975 4147 978 4156 ¹
991 4158 1228 4226 venerabilibus
1252 4158 1358 4222 fratri-
1400 4165 1484 4224 1156

82 4260 143 4324 bus
167 4261 317 4346 Htillino)
336 4261 525 4329 Treverensi
549 4265 802 4350 archiepiscopo,
827 4266 1003 4349 apostolice
1027 4267 1112 4332 sedis
1135 4266 1252 4347 legato,
1277 4265 1357 4348 Stte-
1375 4254 1461 4312 Mari·
1475 4256 1504 4316 3·

80 4368 204 4452 phano)
226 4367 374 4450 Metensi‚
398 4370 562 4456 H(enrico)
585 4371 730 4437 Tullensi
759 4379 791 4438 et
813 4372 991 4458 A(lberoni)
1014 4371 1210 4436 Virdunensi
1238 4374 1359 4454 episco-

147 4573 151 4582 ·
172 4553 185 4576 ⁸
203 4549 359 4612 disponendo
377 4568 396 4600 c.
487 4547 717 4602 bcommunionem
738 4572 757 4603 c.
840 4553 913 4603 ⁰ille
931 4563 971 4602 aut
988 4553 1035 4602 iste
1054 4571 1103 4601 mm
1122 4561 1268 4613 correctam
1286 4555 1358 4614 lageo-

82 4639 139 4685 dum
156 4639 243 4699 opinor
260 4639 330 4701 ipsiS.
