3296 5178
269 283 310 345 66
633 359 635 363 ,
653 300 780 354 unnim
797 314 822 354 11
840 313 1007 355 neverouan
1026 301 1085 355 136.
1106 301 1156 354 137

268 460 350 526 136.
388 463 522 522 Urbanus
544 463 581 522 ΙΙ
611 464 805 524 &ameliorare
839 465 968 524 abbatom
995 484 1014 523 e
1035 465 1250 540 congregatione
1275 464 1550 524 Stoadubaoatease'
1589 488 1595 517 i

379 570 497 629 electum
518 570 692 646 walterada·
723 571 852 647 iadalpct
874 573 930 645 ote,
962 577 996 630 ut
1023 572 1138 630 6166666
1165 590 1184 629 6
1211 571 1406 630 schismaticis
1432 571 1476 628 ccl
1498 589 1547 628 eu-

379 677 604 736 66666666
626 677 767 753 episeopis
789 679 933 738 amicales
955 679 1040 738 libere
1062 679 1233 754 arsapiuat.

374 777 446 832 Bibl.
466 784 523 833 nat.
542 778 628 833 Paris.
648 779 773 833 Chartul.
794 779 822 834 S.
841 780 917 835 Petri
935 779 970 835 de
987 781 1085 835 Monte
1102 796 1154 835 scr.
1173 779 1301 847 a1392,
1319 797 1370 834 ms.
1389 779 1437 834 lat.

809 868 896 925 12866
914 868 962 924 fol.
982 871 1006 922 7.

131 986 242 1046 1096-
356 990 509 1056 Urbanus
533 992 703 1075 episcopus
727 1014 838 1057 servus
862 1015 1027 1058 servorum
1046 993 1108 1058 Dei
1132 994 1258 1058 dilectis
1281 992 1357 1057 filiis
1381 993 1547 1057 canonicis

136 1076 236 1134 1⁰99¹
268 1099 308 1164 de
327 1097 555 1164 standalmont
578 1104 611 1162 et
628 1098 750 1163 familie
769 1120 880 1164 eorum
900 1100 1039 1164 salutem
1066 1106 1099 1164 et
1117 1101 1329 1184 apostolicam
1347 1098 1546 1164 benedictio-

128 1165 185 1223 IUl'
198 1165 248 1224 19¹
267 1227 350 1270 nem.
383 1205 562 1286 Religionis
576 1211 682 1287 vestre
696 1207 900 1288 peticionem,
920 1229 1019 1289 quam
1033 1207 1127 1272 nobis
1146 1228 1204 1290 per
1223 1206 1401 1273 confratres
1420 1213 1546 1270 vestros

267 1318 300 1377 et
323 1312 555 1377 concanonicos
579 1313 785 1394 suggessistis
804 1318 939 1395 paterne
958 1314 1169 1396 benignitatis
1190 1313 1308 1378 affectu
1332 1315 1544 1396 suscepimus

266 1419 468 1484 Electionem
490 1419 603 1501 igitur,
635 1440 733 1500 quam
757 1419 796 1483 de
820 1419 982 1485 confratre
1009 1427 1116 1485 vestro
1141 1419 1319 1486 Guacelino
1348 1421 1546 1484 unanimiter

186 1511 190 1520 ¹
266 1548 322 1592 vos
346 1525 460 1590 fecisse
485 1524 705 1608 significastis,
737 1525 921 1590 litterarum
948 1527 1168 1609 praesentium
1197 1528 1376 1591 assertione
1404 1525 1545 1590 firmavi-

266 1654 347 1697 mus
394 1631 506 1714 Neque
530 1633 615 1696 enim
639 1630 678 1695 de
697 1639 808 1697 -vestre
830 1633 995 1715 religionis
1024 1634 1211 1697 sinceritate
1239 1631 1433 1714 diffidimus,
1467 1633 1546 1714 quin

266 1741 427 1820 universa,
452 1760 515 1820 que
539 1739 645 1820 agitis,
670 1737 732 1802 Dei
752 1739 820 1803 zelo
840 1745 872 1802 et
895 1739 988 1804 oculo
1008 1740 1147 1823 simplici
1170 1739 1309 1804 faciatis.
1347 1738 1460 1823 Ipsum
1483 1741 1545 1803 ita-

267 1868 329 1928 que
353 1846 442 1910 vobis
466 1847 499 1908 in
522 1847 664 1929 priorem
687 1865 725 1909 ac
748 1848 939 1928 magistrum
962 1867 1092 1929 preesse
1112 1847 1345 1911 constituentes
1370 1867 1545 1928 congrega-

266 1954 347 2018 tioni
369 1958 476 2017 vestre
500 1958 533 2016 et
551 1952 665 2017 devote
682 1952 902 2035 recipiendum
923 1959 956 2017 et
974 1953 1139 2019 humiliter
1158 1952 1354 2017 audiendum
1373 1975 1447 2016 cum
1473 1974 1546 2035 pre-

267 2060 411 2124 sentibus
444 2060 547 2141 gratie
570 2065 681 2124 nostre
712 2059 840 2124 indiciis
873 2060 1110 2124 remandamus.
1157 2059 1222 2124 Per
1249 2061 1356 2142 ipsum
1383 2081 1454 2140 vos,
1486 2058 1545 2122 filii

266 2167 299 2229 in
323 2165 451 2231 Christo
474 2165 648 2247 karissimi,
679 2171 847 2248 tamquam
869 2173 1045 2250 presentes
1074 2167 1191 2250 spiritu
1221 2187 1476 2246 commonemus,
1509 2170 1547 2228 ut

267 2279 435 2355 acceptam
468 2273 620 2337 divinitus
652 2261 792 2355 gratiam
825 2272 918 2337 bonis
952 2295 1078 2357 semper
1111 2274 1263 2356 operibus
1291 2273 1544 2356 prosequamini,
1570 2279 1576 2288 '

244 2460 246 2464 ,
267 2385 300 2443 et
321 2381 504 2462 posteriora
526 2379 753 2443 obliviscentes
777 2381 810 2442 in
834 2401 886 2461 ea,
921 2402 984 2462 que
1012 2387 1087 2444 ante
1116 2387 1204 2462 sunt,
1233 2380 1337 2463 plenis
1361 2401 1417 2444 vos
1441 2380 1545 2442 inten-
1606 2363 1612 2372 ’

266 2487 363 2552 tionis
387 2485 538 2569 passibus
563 2485 760 2566 extendatis,
795 2487 932 2550 scientes
956 2487 1069 2570 procul
1098 2487 1210 2569 dubio,
1236 2488 1263 2551 si
1286 2486 1364 2568 quid
1388 2486 1546 2568 largiente

266 2593 405 2658 Domino
428 2594 462 2656 in
482 2598 632 2675 suscepto
656 2593 822 2675 proposito
845 2593 982 2658 viriliter
1004 2596 1197 2677 persistatis,
1223 2614 1430 2676 nequaquam
1454 2591 1545 2656 vobis

268 2699 444 2782 apostolice
468 2693 553 2764 sedis
576 2699 810 2782 protectionem
834 2705 866 2762 et
889 2701 1028 2782 gratiam
1057 2699 1251 2765 defuturam.
1297 2700 1329 2764 A
1353 2699 1545 2763 scismaticis

267 2805 317 2869 vel
341 2806 626 2871 &communicatis
651 2806 811 2888 episcopis
834 2806 999 2870 venientes
1024 2806 1158 2872 clericos
1185 2813 1221 2871 ut
1239 2806 1340 2871 libere
1360 2806 1545 2888 suscipiatis

268 2913 336 2978 sine
352 2912 551 2994 quibuslibet
568 2913 791 2995 episcoporum
810 2914 955 2994 ipsorum
974 2913 1115 2995 scriptis,
1140 2914 1306 2978 dilectioni
1322 2919 1429 2978 vestre
1448 2912 1545 2976 licen-

267 3017 347 3082 tiam
370 3039 429 3101 per
451 3025 618 3101 presentes
646 3020 754 3101 apices
784 3019 999 3102 indulgemus.
1045 3018 1096 3084 De
1124 3019 1357 3084 catholicorum
1380 3039 1455 3082 vero
1479 3019 1546 3100 epi-

268 3147 437 3208 scoporum
470 3125 595 3190 clericis
628 3148 692 3191 non
725 3126 814 3190 aliud
844 3125 935 3190 vobis
960 3126 1165 3190 concedimus
1194 3131 1251 3190 aut
1278 3147 1449 3208 negamus,
1482 3125 1544 3189 nisi

268 3232 354 3314 quod
377 3253 436 3315 per
449 3238 558 3296 cetera
576 3234 804 3298 canonicorum
824 3233 1021 3315 regularium
1040 3232 1112 3297 loca
1130 3232 1202 3296 fieri
1221 3233 1395 3298 consuevit.
1434 3231 1544 3296 Omni·

267 3345 381 3421 potens
405 3340 563 3404 Dominus
587 3340 620 3403 in
644 3362 701 3404 suo
725 3361 781 3404 vos
805 3360 913 3404 amore
942 3339 1105 3403 custodiat
1132 3344 1165 3404 et
1187 3339 1229 3403 ad
1253 3339 1416 3403 caminum
1440 3359 1543 3419 suum,

268 3446 379 3527 quiin
402 3446 604 3510 Iherusalem
637 3453 700 3527 est,
734 3447 934 3511 examinatos
967 3446 1040 3528 igne
1064 3445 1149 3529 Syon
1179 3445 1347 3528 pervenire
1375 3444 1542 3509 concedat.

268 3552 391 3618 Datum
413 3551 518 3616 XIIII
540 3551 615 3616 Kal.
640 3552 790 3634 Augusti.

267 3821 346 3890 137.
384 3825 519 3883 Urbanas
540 3823 577 3882 Π
595 3823 698 3883 litteris
725 3825 764 3882 od
785 3824 903 3883 luorum
931 3824 1135 3884 Oaraotcasem
1163 3830 1189 3882 ot
1212 3823 1412 3896 Rumnalsam
1438 3823 1544 3882 Santo-

378 3951 499 3990 acasem
528 3931 674 4007 episcopos
703 3931 862 4004 interdicit,
890 3950 927 3989 ae
949 3931 1017 4008 quis
1044 3932 1079 3989 ia
1105 3931 1211 4006 fratros
1240 3931 1465 3989 Viadoeiueases
1488 3930 1543 3988 ali-

379 4057 470 4115 quam
486 4043 658 4114 potestatem
681 4042 805 4096 assat
826 4037 869 4096 ccl
891 4037 924 4096 dc
945 4038 1031 4095 retias
1052 4038 1226 4096 monosterii
1243 4037 1401 4113 quaequam
1420 4036 1544 4112 ausast.

463 4140 535 4194 Bibl.
554 4146 612 4194 nat.
631 4139 717 4193 Paris.
737 4156 787 4193 ms.
807 4137 854 4193 lat.
875 4139 1027 4194 12780f01.
1048 4139 1100 4194 262
1118 4155 1204 4192 manu
1222 4156 1243 4193 s.
1263 4151 1340 4193 xvn.

106 4268 189 4326 1099
202 4269 240 4344 (1)
357 4264 529 4330 Urbanus²
562 4265 730 4347 episcopus
764 4285 875 4328 servus
914 4285 1077 4328 servorum
1110 4264 1173 4328 Dei
1204 4262 1444 4328 venerabilibus
1478 4263 1544 4346 epi-

99 4357 249 4416 00014·
269 4374 375 4455 scopis
398 4370 523 4458 I(voni)'
536 4369 727 4436 Carnotensi
752 4377 784 4435 et
806 4369 1003 4455 R(amnulfo)
1026 4368 1221 4435 Santonensi
1249 4370 1387 4434 salutem
1411 4375 1444 4433 et
1467 4391 1543 4454 apo-

361 4551 369 4579 ¹
387 4549 508 4619 Tempus
526 4549 615 4619 liquet
632 4564 666 4602 ex
685 4548 757 4603 Jaffe
772 4548 838 4617 Reg.
858 4547 901 4603 ed.
920 4549 1052 4618 palliis.
1117 4549 1127 4578 ²
1146 4548 1191 4601 An
1210 4547 1268 4602 fida
1286 4547 1322 4602 eit
1341 4547 1459 4618 epistola
1476 4547 1544 4602 haec

269 4636 345 4690 haud
364 4637 433 4702 sci0;
449 4637 554 4718 'mirum
574 4654 640 4690 sane
658 4642 713 4702 est,
738 4636 812 4705 quod
831 4642 860 4691 et
877 4637 985 4692 Urbani
995 4637 1026 4690 II
1045 4636 1123 4691 bulla
1140 4653 1164 4691 a.
1179 4637 1246 4691 1094
1265 4636 1348 4704 (Jaffe
1358 4635 1400 4690 ed.
1411 4653 1452 4709 pr.
1462 4636 1543 4704 4123)
